@article{zhang2021distractor,
  title={Distractor-Aware Fast Tracking via Dynamic Convolutions and MOT Philosophy},
  author={Zhang, Zikai and Zhong, Bineng and Zhang, Shengping and Tang, Zhenjun and Liu, Xin and Zhang, Zhaoxiang},
  journal={arXiv preprint arXiv:2104.12041},
  year={2021}
}

@InProceedings{SiamDW_2019_CVPR,
author = {Zhang, Zhipeng and Peng, Houwen},
title = {Deeper and Wider Siamese Networks for Real-Time Visual Tracking},
booktitle = {The IEEE Conference on Computer Vision and Pattern Recognition (CVPR)},
month = {June},
year = {2019}
} 

@inproceedings{wu2017sampling,
  title={Sampling matters in deep embedding learning},
  author={Wu, Chao-Yuan and Manmatha, R and Smola, Alexander J and Krahenbuhl, Philipp},
  booktitle={Proceedings of the IEEE International Conference on Computer Vision},
  pages={2840--2848},
  year={2017}
}