% Tracking + Attack
@article{TTP,
  title={Temporally-Transferable Perturbations: Efficient, One-Shot Adversarial Attacks for Online Visual Object Trackers},
  author={Nakka, Krishna Kanth and Salzmann, Mathieu},
  journal={arXiv preprint arXiv:2012.15183},
  year={2020}
}

@inproceedings{SPARK,
  title={SPARK: Spatial-aware online incremental attack against visual tracking},
  author={Guo, Qing and Xie, Xiaofei and Juefei-Xu, Felix and Ma, Lei and Li, Zhongguo and Xue, Wanli and Feng, Wei and Liu, Yang},
  booktitle={ECCV},
  pages={202--219},
  year={2020}
}

@inproceedings{PAT,
  title={Physical adversarial textures that fool visual object tracking},
  author={Wiyatno, Rey Reza and Xu, Anqi},
  booktitle={ICCV},
  pages={4822--4831},
  year={2019}
}

@inproceedings{FAN,
  title={Efficient Adversarial Attacks for Visual Object Tracking},
  author={Liang, Siyuan and Wei, Xingxing and Yao, Siyuan and Cao, Xiaochun},
  booktitle={ECCV},
  pages={34--50},
  year={2020}
}

@inproceedings{CSA,
  title={Cooling-Shrinking Attack: Blinding the tracker with imperceptible noises},
  author={Yan, Bin and Wang, Dong and Lu, Huchuan and Yang, Xiaoyun},
  booktitle={CVPR},
  pages={990--999},
  year={2020}
}

@inproceedings{RTAA,
  title={Robust tracking against adversarial attacks},
  author={Jia, Shuai and Ma, Chao and Song, Yibing and Yang, Xiaokang},
  booktitle={ECCV},
  pages={69--84},
  year={2020}
}

% language + attack

@inproceedings{generating,
  title={Generating natural language adversarial examples through probability weighted word saliency},
  author={Ren, Shuhuai and Deng, Yihe and He, Kun and Che, Wanxiang},
  booktitle={ACL},
  pages={1085--1097},
  year={2019}
}

% speech + attack

@inproceedings{imperceptible,
  title={Imperceptible, robust, and targeted adversarial examples for automatic speech recognition},
  author={Qin, Yao and Carlini, Nicholas and Cottrell, Garrison and Goodfellow, Ian and Raffel, Colin},
  booktitle={ICML},
  pages={5231--5240},
  year={2019}
}

% detection + attack

@inproceedings{wei2019transferable,
  title={Transferable adversarial attacks for image and video object detection},
  author={Wei, Xingxing and Liang, Siyuan and Chen, Ning and Cao, Xiaochun},
  booktitle={IJCAI},
  pages={954--960},
  year={2019}
}

% ATTACK
@article{FGSM,
  title={Explaining and harnessing adversarial examples},
  author={Goodfellow, Ian J and Shlens, Jonathon and Szegedy, Christian},
  journal={arXiv preprint arXiv:1412.6572},
  year={2014}
}

@article{PGD,
  title={Towards deep learning models resistant to adversarial attacks},
  author={Madry, Aleksander and Makelov, Aleksandar and Schmidt, Ludwig and Tsipras, Dimitris and Vladu, Adrian},
  journal={arXiv preprint arXiv:1706.06083},
  year={2017}
}

@article{intriguing,
  title={Intriguing properties of neural networks},
  author={Szegedy, Christian and Zaremba, Wojciech and Sutskever, Ilya and Bruna, Joan and Erhan, Dumitru and Goodfellow, Ian and Fergus, Rob},
  journal={arXiv preprint arXiv:1312.6199},
  year={2013}
}

% patch attack
@inproceedings{karmon2018lavan,
  title={Lavan: Localized and visible adversarial noise},
  author={Karmon, Danny and Zoran, Daniel and Goldberg, Yoav},
  year={2018},
  booktitle={ICML},
  pages={2507--2515},
}

@article{patch,
  title={Adversarial patch},
  author={Brown, Tom B and Man{\'e}, Dandelion and Roy, Aurko and Abadi, Mart{\'\i}n and Gilmer, Justin},
  journal={arXiv preprint arXiv:1712.09665},
  year={2017}
}

% universal attack
@inproceedings{UAP,
  title={Universal adversarial perturbations},
  author={Moosavi-Dezfooli, Seyed-Mohsen and Fawzi, Alhussein and Fawzi, Omar and Frossard, Pascal},
  booktitle={CVPR},
  pages={1765--1773},
  year={2017}
}

% trackers
@inproceedings{ATOM,
	title="ATOM: Accurate Tracking by Overlap Maximization",
	author="Martin {Danelljan} and Goutam {Bhat} and Fahad Shahbaz {Khan} and Michael {Felsberg}",
	booktitle={CVPR},
	pages="4660--4669",
	notes="Sourced from Microsoft Academic - https://academic.microsoft.com/paper/2966759264",
	year="2019"
}

@inproceedings{SiamFC,
  title={Fully-convolutional siamese networks for object tracking},
  author={Bertinetto, Luca and Valmadre, Jack and Henriques, Joao F and Vedaldi, Andrea and Torr, Philip HS},
  booktitle={ECCV},
  pages={850--865},
  year={2016}
}

@inproceedings{DaSiamRPN,
  title={Distractor-aware siamese networks for visual object tracking},
  author={Zhu, Zheng and Wang, Qiang and Li, Bo and Wu, Wei and Yan, Junjie and Hu, Weiming},
  booktitle={ECCV},
  pages={101--117},
  year={2018}
}

@inproceedings{SiamFC++,
  author    = {Yinda Xu and
               Zeyu Wang and
               Zuoxin Li and
               Ye Yuan and
               Gang Yu},
  title     = {SiamFC++: Towards Robust and Accurate Visual Tracking with Target
               Estimation Guidelines},
  booktitle = {AAAI},
  pages     = {12549--12556},
  year      = {2020}
}

@article{SiamMask,
  title={Fast Online Object Tracking and Segmentation: A Unifying Approach},
  author={Wang, Qiang and Zhang, Li and Bertinetto, Luca and Hu, Weiming and Torr, Philip HS},
  journal={arXiv preprint arXiv:1812.05050},
  year={2018}
}

@inproceedings{SiamRPN,
  title={High performance visual tracking with siamese region proposal network},
  author={Li, Bo and Yan, Junjie and Wu, Wei and Zhu, Zheng and Hu, Xiaolin},
  booktitle={CVPR},
  pages={8971--8980},
  year={2018}
}

@inproceedings{SiamRPN++,
  title={Siamrpn++: Evolution of siamese visual tracking with very deep networks},
  author={Li, Bo and Wu, Wei and Wang, Qiang and Zhang, Fangyi and Xing, Junliang and Yan, Junjie},
  booktitle={CVPR},
  pages={4282--4291},
  year={2019}
}

@inproceedings{GOTURN,
  title={Learning to track at 100 fps with deep regression networks},
  author={Held, David and Thrun, Sebastian and Savarese, Silvio},
  booktitle={ECCV},
  pages={749--765},
  year={2016}
}

% dataset
@article{GOT-10k,
  title={GOT-10k: A Large High-Diversity Benchmark for Generic Object Tracking in the Wild},
  author={Huang, Lianghua and Zhao, Xin and Huang, Kaiqi},
  journal={arXiv preprint arXiv:1810.11981},
  year={2018}
}

@inproceedings{COCO,
  title={Microsoft coco: Common objects in context},
  author={Lin, Tsung-Yi and Maire, Michael and Belongie, Serge and Hays, James and Perona, Pietro and Ramanan, Deva and Doll{\'a}r, Piotr and Zitnick, C Lawrence},
  booktitle={ECCV},
  pages={740--755},
  year={2014}
}

@article{VID,
  title={Imagenet large scale visual recognition challenge},
  author={Russakovsky, Olga and Deng, Jia and Su, Hao and Krause, Jonathan and Satheesh, Sanjeev and Ma, Sean and Huang, Zhiheng and Karpathy, Andrej and Khosla, Aditya and Bernstein, Michael and others},
  journal={IJCV},
  volume={115},
  number={3},
  pages={211--252},
  year={2015}
}

@inproceedings{LaSOT,
  title={Lasot: A high-quality benchmark for large-scale single object tracking},
  author={Fan, Heng and Lin, Liting and Yang, Fan and Chu, Peng and Deng, Ge and Yu, Sijia and Bai, Hexin and Xu, Yong and Liao, Chunyuan and Ling, Haibin},
  booktitle={CVPR},
  pages={5374--5383},
  year={2019}
}

@inproceedings{OTB,
  title={Online object tracking: A benchmark},
  author={Wu, Yi and Lim, Jongwoo and Yang, Ming-Hsuan},
  booktitle={CVPR},
  pages={2411--2418},
  year={2013}
}

% backbone
@inproceedings{AlexNet,
  title={Imagenet classification with deep convolutional neural networks},
  author={Krizhevsky, Alex and Sutskever, Ilya and Hinton, Geoffrey E},
  booktitle={NIPS},
  pages={1097--1105},
  year={2012}
}

@inproceedings{GoogLeNet,
  title={Going deeper with convolutions},
  author={Szegedy, Christian and Liu, Wei and Jia, Yangqing and Sermanet, Pierre and Reed, Scott and Anguelov, Dragomir and Erhan, Dumitru and Vanhoucke, Vincent and Rabinovich, Andrew},
  booktitle={CVPR},
  pages={1--9},
  year={2015}
}

@inproceedings{ShuffleNet,
  title={Shufflenet: An extremely efficient convolutional neural network for mobile devices},
  author={Zhang, Xiangyu and Zhou, Xinyu and Lin, Mengxiao and Sun, Jian},
  booktitle={CVPR},
  pages={6848--6856},
  year={2018}
}

% object detection
@inproceedings{focal,
  title={Focal loss for dense object detection},
  author={Lin, Tsung-Yi and Goyal, Priya and Girshick, Ross and He, Kaiming and Doll{\'a}r, Piotr},
  booktitle={ICCV},
  pages={2980--2988},
  year={2017}
}

@inproceedings{iou-loss,
  title={Unitbox: An advanced object detection network},
  author={Yu, Jiahui and Jiang, Yuning and Wang, Zhangyang and Cao, Zhimin and Huang, Thomas},
  booktitle={ACM MM},
  pages={516--520},
  year={2016}
}

% metric

@article{SSIM,
  title={Image quality assessment: from error visibility to structural similarity},
  author={Wang, Zhou and Bovik, Alan C and Sheikh, Hamid R and Simoncelli, Eero P},
  journal={TIP},
  volume={13},
  number={4},
  pages={600--612},
  year={2004},
  publisher={IEEE}
}

@inproceedings{GIoU,
  title={Generalized intersection over union: A metric and a loss for bounding box regression},
  author={Rezatofighi, Hamid and Tsoi, Nathan and Gwak, JunYoung and Sadeghian, Amir and Reid, Ian and Savarese, Silvio},
  booktitle={Proceedings of the IEEE/CVF Conference on Computer Vision and Pattern Recognition},
  pages={658--666},
  year={2019}
}

@incollection{kurakin2018adversarial,
  title={Adversarial attacks and defences competition},
  author={Kurakin, Alexey and Goodfellow, Ian and Bengio, Samy and Dong, Yinpeng and Liao, Fangzhou and Liang, Ming and Pang, Tianyu and Zhu, Jun and Hu, Xiaolin and Xie, Cihang and others},
  booktitle={The NIPS'17 Competition: Building Intelligent Systems},
  pages={195--231},
  year={2018},
  publisher={Springer}
}

@inproceedings{khrulkov2018art,
  title={Art of singular vectors and universal adversarial perturbations},
  author={Khrulkov, Valentin and Oseledets, Ivan},
  booktitle={Proceedings of the IEEE Conference on Computer Vision and Pattern Recognition},
  pages={8562--8570},
  year={2018}
}

@inproceedings{mopuri2018nag,
  title={NAG: Network for adversary generation},
  author={Mopuri, Konda Reddy and Ojha, Utkarsh and Garg, Utsav and Babu, R Venkatesh},
  booktitle={Proceedings of the IEEE Conference on Computer Vision and Pattern Recognition},
  pages={742--751},
  year={2018}
}

@inproceedings{zhang2020understanding,
  title={Understanding adversarial examples from the mutual influence of images and perturbations},
  author={Zhang, Chaoning and Benz, Philipp and Imtiaz, Tooba and Kweon, In So},
  booktitle={Proceedings of the IEEE/CVF Conference on Computer Vision and Pattern Recognition},
  pages={14521--14530},
  year={2020}
}

@article{mopuri2018generalizable,
  title={Generalizable data-free objective for crafting universal adversarial perturbations},
  author={Mopuri, Konda Reddy and Ganeshan, Aditya and Babu, R Venkatesh},
  journal={IEEE transactions on pattern analysis and machine intelligence},
  volume={41},
  number={10},
  pages={2452--2465},
  year={2018},
  publisher={IEEE}
}

@inproceedings{dai2018adversarial,
  title={Adversarial attack on graph structured data},
  author={Dai, Hanjun and Li, Hui and Tian, Tian and Huang, Xin and Wang, Lin and Zhu, Jun and Song, Le},
  booktitle={International conference on machine learning},
  pages={1115--1124},
  year={2018},
  organization={PMLR}
}

@article{li2018second,
  title={Second-order adversarial attack and certifiable robustness},
  author={Li, Bai and Chen, Changyou and Wang, Wenlin and Carin, Lawrence},
  journal={arXiv preprint arXiv:1809.03113},
  year={2018}
}

@article{lin2017tactics,
  title={Tactics of adversarial attack on deep reinforcement learning agents},
  author={Lin, Yen-Chen and Hong, Zhang-Wei and Liao, Yuan-Hong and Shih, Meng-Li and Liu, Ming-Yu and Sun, Min},
  journal={arXiv preprint arXiv:1703.06748},
  year={2017}
}

@inproceedings{chen2018shapeshifter,
  title={Shapeshifter: Robust physical adversarial attack on faster r-cnn object detector},
  author={Chen, Shang-Tse and Cornelius, Cory and Martin, Jason and Chau, Duen Horng Polo},
  booktitle={Joint European Conference on Machine Learning and Knowledge Discovery in Databases},
  pages={52--68},
  year={2018},
  organization={Springer}
}

@article{cheng2018query,
  title={Query-efficient hard-label black-box attack: An optimization-based approach},
  author={Cheng, Minhao and Le, Thong and Chen, Pin-Yu and Yi, Jinfeng and Zhang, Huan and Hsieh, Cho-Jui},
  journal={arXiv preprint arXiv:1807.04457},
  year={2018}
}

@inproceedings{li2019nattack,
  title={Nattack: Learning the distributions of adversarial examples for an improved black-box attack on deep neural networks},
  author={Li, Yandong and Li, Lijun and Wang, Liqiang and Zhang, Tong and Gong, Boqing},
  booktitle={International Conference on Machine Learning},
  pages={3866--3876},
  year={2019},
  organization={PMLR}
}

@inproceedings{papernot2017practical,
  title={Practical black-box attacks against machine learning},
  author={Papernot, Nicolas and McDaniel, Patrick and Goodfellow, Ian and Jha, Somesh and Celik, Z Berkay and Swami, Ananthram},
  booktitle={Proceedings of the 2017 ACM on Asia conference on computer and communications security},
  pages={506--519},
  year={2017}
}

@inproceedings{li2020projection,
  title={Projection \& Probability-Driven Black-Box Attack},
  author={Li, Jie and Ji, Rongrong and Liu, Hong and Liu, Jianzhuang and Zhong, Bineng and Deng, Cheng and Tian, Qi},
  booktitle={Proceedings of the IEEE/CVF Conference on Computer Vision and Pattern Recognition},
  pages={362--371},
  year={2020}
}

@inproceedings{meng2019white,
  title={White-box target attack for EEG-based BCI regression problems},
  author={Meng, Lubin and Lin, Chin-Teng and Jung, Tzyy-Ping and Wu, Dongrui},
  booktitle={International conference on neural information processing},
  pages={476--488},
  year={2019},
  organization={Springer}
}

@article{zhang2020adversarial,
  title={Adversarial attacks on deep-learning models in natural language processing: A survey},
  author={Zhang, Wei Emma and Sheng, Quan Z and Alhazmi, Ahoud and Li, Chenliang},
  journal={ACM Transactions on Intelligent Systems and Technology (TIST)},
  volume={11},
  number={3},
  pages={1--41},
  year={2020},
  publisher={ACM New York, NY, USA}
}

@article{morris2020textattack,
  title={TextAttack: A framework for adversarial attacks in natural language processing},
  author={Morris, John X and Lifland, Eli and Yoo, Jin Yong and Qi, Yanjun},
  journal={arXiv preprint arXiv:2005.05909},
  year={2020}
}

@inproceedings{jin2020bert,
  title={Is bert really robust? a strong baseline for natural language attack on text classification and entailment},
  author={Jin, Di and Jin, Zhijing and Zhou, Joey Tianyi and Szolovits, Peter},
  booktitle={Proceedings of the AAAI conference on artificial intelligence},
  volume={34},
  number={05},
  pages={8018--8025},
  year={2020}
}

@article{meng2020geometry,
  title={A Geometry-Inspired Attack for Generating Natural Language Adversarial Examples},
  author={Meng, Zhao and Wattenhofer, Roger},
  journal={arXiv preprint arXiv:2010.01345},
  year={2020}
}

@inproceedings{DBLP:conf/iclr/KurakinGB17a,
  author    = {Alexey Kurakin and
               Ian J. Goodfellow and
               Samy Bengio},
  title     = {Adversarial examples in the physical world},
  booktitle = {5th International Conference on Learning Representations, {ICLR} 2017,
               Toulon, France, April 24-26, 2017, Workshop Track Proceedings},
  publisher = {OpenReview.net},
  year      = {2017},
  url       = {https://openreview.net/forum?id=HJGU3Rodl},
  timestamp = {Thu, 04 Apr 2019 13:20:08 +0200},
  biburl    = {https://dblp.org/rec/conf/iclr/KurakinGB17a.bib},
  bibsource = {dblp computer science bibliography, https://dblp.org}
}

@inproceedings{shafahi2020universal,
  title={Universal adversarial training},
  author={Shafahi, Ali and Najibi, Mahyar and Xu, Zheng and Dickerson, John and Davis, Larry S and Goldstein, Tom},
  booktitle={Proceedings of the AAAI Conference on Artificial Intelligence},
  volume={34},
  number={04},
  pages={5636--5643},
  year={2020}
}