% Tracking + Attack
@article{TTP,
  title={Temporally-Transferable Perturbations: Efficient, One-Shot Adversarial Attacks for Online Visual Object Trackers},
  author={Nakka, Krishna Kanth and Salzmann, Mathieu},
  journal={arXiv preprint arXiv:2012.15183},
  year={2020}
}

@inproceedings{SPARK,
  title={{SPARK}: Spatial-aware online incremental attack against visual tracking},
  author={Guo, Qing and Xie, Xiaofei and Juefei-Xu, Felix and Ma, Lei and Li, Zhongguo and Xue, Wanli and Feng, Wei and Liu, Yang},
  booktitle={Proc. Eur. Conf. Comput. Vis.},
  pages={202--219},
  year={2020}
}

@inproceedings{PAT,
  title={Physical adversarial textures that fool visual object tracking},
  author={Wiyatno, Rey Reza and Xu, Anqi},
  booktitle={Proc. IEEE Int. Conf. Comput. Vis.},
  pages={4822--4831},
  year={2019}
}

@inproceedings{FAN,
  title={Efficient Adversarial Attacks for Visual Object Tracking},
  author={Liang, Siyuan and Wei, Xingxing and Yao, Siyuan and Cao, Xiaochun},
  booktitle={Proc. Eur. Conf. Comput. Vis.},
  pages={34--50},
  year={2020}
}

@inproceedings{CSA,
  title={{Cooling-Shrinking Attack}: Blinding the tracker with imperceptible noises},
  author={Yan, Bin and Wang, Dong and Lu, Huchuan and Yang, Xiaoyun},
  booktitle={Proc. IEEE Conf. Comput. Vis. Pattern Recognit.},
  pages={990--999},
  year={2020}
}

@inproceedings{RTAA,
  title={Robust tracking against adversarial attacks},
  author={Jia, Shuai and Ma, Chao and Song, Yibing and Yang, Xiaokang},
  booktitle={Proc. Eur. Conf. Comput. Vis.},
  pages={69--84},
  year={2020}
}

% language + attack

@inproceedings{generating,
  title={Generating natural language adversarial examples through probability weighted word saliency},
  author={Ren, Shuhuai and Deng, Yihe and He, Kun and Che, Wanxiang},
  booktitle={Proc. Assoc. Comput. Ling.},
  pages={1085--1097},
  year={2019}
}

% speech + attack

@inproceedings{imperceptible,
  title={Imperceptible, robust, and targeted adversarial examples for automatic speech recognition},
  author={Qin, Yao and Carlini, Nicholas and Cottrell, Garrison and Goodfellow, Ian and Raffel, Colin},
  booktitle={Proc. Int. Conf. Mach. Learn.},
  pages={5231--5240},
  year={2019}
}

% detection + attack

@inproceedings{wei2019transferable,
  title={Transferable adversarial attacks for image and video object detection},
  author={Wei, Xingxing and Liang, Siyuan and Chen, Ning and Cao, Xiaochun},
  booktitle={Proc. Int. Joint Conf. Artif. Intell.},
  pages={954--960},
  year={2019}
}

% ATTACK
@article{FGSM,
  title={Explaining and harnessing adversarial examples},
  author={Goodfellow, Ian J and Shlens, Jonathon and Szegedy, Christian},
  journal={arXiv preprint arXiv:1412.6572},
  year={2014}
}

@article{PGD,
  title={Towards deep learning models resistant to adversarial attacks},
  author={Madry, Aleksander and Makelov, Aleksandar and Schmidt, Ludwig and Tsipras, Dimitris and Vladu, Adrian},
  journal={arXiv preprint arXiv:1706.06083},
  year={2017}
}

@article{intriguing,
  title={Intriguing properties of neural networks},
  author={Szegedy, Christian and Zaremba, Wojciech and Sutskever, Ilya and Bruna, Joan and Erhan, Dumitru and Goodfellow, Ian and Fergus, Rob},
  journal={arXiv preprint arXiv:1312.6199},
  year={2013}
}

% patch attack
@inproceedings{karmon2018lavan,
  title={{LaVAN}: Localized and visible adversarial noise},
  author={Karmon, Danny and Zoran, Daniel and Goldberg, Yoav},
  year={2018},
  booktitle={Proc. Int. Conf. Mach. Learn.},
  pages={2507--2515},
}

@article{patch,
  title={Adversarial patch},
  author={Brown, Tom B and Man{\'e}, Dandelion and Roy, Aurko and Abadi, Mart{\'\i}n and Gilmer, Justin},
  journal={arXiv preprint arXiv:1712.09665},
  year={2017}
}

% universal attack
@inproceedings{UAP,
  title={Universal adversarial perturbations},
  author={Moosavi-Dezfooli, Seyed-Mohsen and Fawzi, Alhussein and Fawzi, Omar and Frossard, Pascal},
  booktitle={Proc. IEEE Conf. Comput. Vis. Pattern Recognit.},
  pages={1765--1773},
  year={2017}
}

% trackers
@inproceedings{ATOM,
	title="ATOM: Accurate Tracking by Overlap Maximization",
	author="Martin {Danelljan} and Goutam {Bhat} and Fahad Shahbaz {Khan} and Michael {Felsberg}",
	booktitle={Proc. IEEE Conf. Comput. Vis. Pattern Recognit.},
	pages="4660--4669",
	notes="Sourced from Microsoft Academic - https://academic.microsoft.com/paper/2966759264",
	year="2019"
}

@inproceedings{SiamFC,
  title={Fully-convolutional {Siamese} networks for object tracking},
  author={Bertinetto, Luca and Valmadre, Jack and Henriques, Joao F and Vedaldi, Andrea and Torr, Philip HS},
  booktitle={Proc. Eur. Conf. Comput. Vis.},
  pages={850--865},
  year={2016}
}

@inproceedings{DaSiamRPN,
  title={Distractor-aware {Siamese} networks for visual object tracking},
  author={Zhu, Zheng and Wang, Qiang and Li, Bo and Wu, Wei and Yan, Junjie and Hu, Weiming},
  booktitle={Proc. Eur. Conf. Comput. Vis.},
  pages={101--117},
  year={2018}
}

@inproceedings{SiamFC++,
  author    = {Yinda Xu and
               Zeyu Wang and
               Zuoxin Li and
               Ye Yuan and
               Gang Yu},
  title     = {{SiamFC++}: Towards Robust and Accurate Visual Tracking with Target
               Estimation Guidelines},
  booktitle = {Proc. Assoc. Adv. Artif. Intell.},
  pages     = {12549--12556},
  year      = {2020}
}

@article{SiamMask,
  title={Fast Online Object Tracking and Segmentation: A Unifying Approach},
  author={Wang, Qiang and Zhang, Li and Bertinetto, Luca and Hu, Weiming and Torr, Philip HS},
  journal={arXiv preprint arXiv:1812.05050},
  year={2018}
}

@inproceedings{SiamRPN,
  title={High performance visual tracking with {Siamese} region proposal network},
  author={Li, Bo and Yan, Junjie and Wu, Wei and Zhu, Zheng and Hu, Xiaolin},
  booktitle={Proc. IEEE Conf. Comput. Vis. Pattern Recognit.},
  pages={8971--8980},
  year={2018}
}

@inproceedings{SiamRPN++,
  title={{SiamRPN++}: Evolution of {Siamese} visual tracking with very deep networks},
  author={Li, Bo and Wu, Wei and Wang, Qiang and Zhang, Fangyi and Xing, Junliang and Yan, Junjie},
  booktitle={Proc. IEEE Conf. Comput. Vis. Pattern Recognit.},
  pages={4282--4291},
  year={2019}
}

@inproceedings{GOTURN,
  title={Learning to track at 100 {FPS} with deep regression networks},
  author={Held, David and Thrun, Sebastian and Savarese, Silvio},
  booktitle={Proc. Eur. Conf. Comput. Vis.},
  pages={749--765},
  year={2016}
}

% dataset
@article{GOT-10k,
  title={{GOT-10k}: A Large High-Diversity Benchmark for Generic Object Tracking in the Wild},
  author={Huang, Lianghua and Zhao, Xin and Huang, Kaiqi},
  journal={arXiv preprint arXiv:1810.11981},
  year={2018}
}

@inproceedings{COCO,
  title={Microsoft {COCO}: Common objects in context},
  author={Lin, Tsung-Yi and Maire, Michael and Belongie, Serge and Hays, James and Perona, Pietro and Ramanan, Deva and Doll{\'a}r, Piotr and Zitnick, C Lawrence},
  booktitle={Proc. Eur. Conf. Comput. Vis.},
  pages={740--755},
  year={2014}
}

@article{VID,
  title={{ImageNet} large scale visual recognition challenge},
  author={Russakovsky, Olga and Deng, Jia and Su, Hao and Krause, Jonathan and Satheesh, Sanjeev and Ma, Sean and Huang, Zhiheng and Karpathy, Andrej and Khosla, Aditya and Bernstein, Michael and others},
  journal={Int. J. Comput. Vis.},
  volume={115},
  number={3},
  pages={211--252},
  year={2015}
}

@inproceedings{LaSOT,
  title={{LaSOT}: A high-quality benchmark for large-scale single object tracking},
  author={Fan, Heng and Lin, Liting and Yang, Fan and Chu, Peng and Deng, Ge and Yu, Sijia and Bai, Hexin and Xu, Yong and Liao, Chunyuan and Ling, Haibin},
  booktitle={Proc. IEEE Conf. Comput. Vis. Pattern Recognit.},
  pages={5374--5383},
  year={2019}
}

@inproceedings{OTB,
  title={Online object tracking: A benchmark},
  author={Wu, Yi and Lim, Jongwoo and Yang, Ming-Hsuan},
  booktitle={Proc. IEEE Conf. Comput. Vis. Pattern Recognit.},
  pages={2411--2418},
  year={2013}
}

% backbone
@inproceedings{AlexNet,
  title={{ImageNet} classification with deep convolutional neural networks},
  author={Krizhevsky, Alex and Sutskever, Ilya and Hinton, Geoffrey E},
  booktitle={Proc. Conf. Neural Inf. Process. Syst.},
  pages={1097--1105},
  year={2012}
}

@inproceedings{GoogLeNet,
  title={Going deeper with convolutions},
  author={Szegedy, Christian and Liu, Wei and Jia, Yangqing and Sermanet, Pierre and Reed, Scott and Anguelov, Dragomir and Erhan, Dumitru and Vanhoucke, Vincent and Rabinovich, Andrew},
  booktitle={Proc. IEEE Conf. Comput. Vis. Pattern Recognit.},
  pages={1--9},
  year={2015}
}

@inproceedings{ShuffleNet,
  title={{ShuffleNet}: An extremely efficient convolutional neural network for mobile devices},
  author={Zhang, Xiangyu and Zhou, Xinyu and Lin, Mengxiao and Sun, Jian},
  booktitle={Proc. IEEE Conf. Comput. Vis. Pattern Recognit.},
  pages={6848--6856},
  year={2018}
}

% object detection
@inproceedings{focal,
  title={Focal loss for dense object detection},
  author={Lin, Tsung-Yi and Goyal, Priya and Girshick, Ross and He, Kaiming and Doll{\'a}r, Piotr},
  booktitle={Proc. IEEE Int. Conf. Comput. Vis.},
  pages={2980--2988},
  year={2017}
}

@inproceedings{iou-loss,
  title={{UnitBox}: An advanced object detection network},
  author={Yu, Jiahui and Jiang, Yuning and Wang, Zhangyang and Cao, Zhimin and Huang, Thomas},
  booktitle={Proc. ACM Multimedia},
  pages={516--520},
  year={2016}
}

% metric

@article{SSIM,
  title={Image quality assessment: from error visibility to structural similarity},
  author={Wang, Zhou and Bovik, Alan C and Sheikh, Hamid R and Simoncelli, Eero P},
  journal={IEEE Trans. Image Process.},
  volume={13},
  number={4},
  pages={600--612},
  year={2004},
}

@inproceedings{GIoU,
  title={Generalized intersection over union: A metric and a loss for bounding box regression},
  author={Rezatofighi, Hamid and Tsoi, Nathan and Gwak, JunYoung and Sadeghian, Amir and Reid, Ian and Savarese, Silvio},
  booktitle={Proc. IEEE Conf. Comput. Vis. Pattern Recognit.},
  pages={658--666},
  year={2019}
}

@article{kurakin2018adversarial,
  title={Adversarial Attacks and Defences Competition},
  author={Kurakin, Alexey and Goodfellow, Ian and Bengio, Samy and Dong, Yinpeng and Liao, Fangzhou and Liang, Ming and Pang, Tianyu and Zhu, Jun and Hu, Xiaolin and Xie, Cihang and others},
  journal={arXiv preprint arXiv:1804.00097},
  year={2018}
}

@inproceedings{khrulkov2018art,
  title={Art of singular vectors and universal adversarial perturbations},
  author={Khrulkov, Valentin and Oseledets, Ivan},
  booktitle={Proc. IEEE Conf. Comput. Vis. Pattern Recognit.},
  pages={8562--8570},
  year={2018}
}

@inproceedings{mopuri2018nag,
  title={{NAG}: Network for adversary generation},
  author={Mopuri, Konda Reddy and Ojha, Utkarsh and Garg, Utsav and Babu, R Venkatesh},
  booktitle={Proc. IEEE Conf. Comput. Vis. Pattern Recognit.},
  pages={742--751},
  year={2018}
}

@inproceedings{zhang2020understanding,
  title={Understanding adversarial examples from the mutual influence of images and perturbations},
  author={Zhang, Chaoning and Benz, Philipp and Imtiaz, Tooba and Kweon, In So},
  booktitle={Proc. IEEE Conf. Comput. Vis. Pattern Recognit.},
  pages={14521--14530},
  year={2020}
}

@article{mopuri2018generalizable,
  title={Generalizable data-free objective for crafting universal adversarial perturbations},
  author={Mopuri, Konda Reddy and Ganeshan, Aditya and Babu, R Venkatesh},
  journal={IEEE Trans. Pattern Anal. Mach. Intell.},
  volume={41},
  number={10},
  pages={2452--2465},
  year={2018},
  publisher={IEEE}
}

@inproceedings{dai2018adversarial,
  title={Adversarial attack on graph structured data},
  author={Dai, Hanjun and Li, Hui and Tian, Tian and Huang, Xin and Wang, Lin and Zhu, Jun and Song, Le},
  booktitle={Proc. Int. Conf. Mach. Learn.},
  pages={1115--1124},
  year={2018}
}

@article{li2018second,
  title={Second-order adversarial attack and certifiable robustness},
  author={Li, Bai and Chen, Changyou and Wang, Wenlin and Carin, Lawrence},
  journal={arXiv preprint arXiv:1809.03113},
  year={2018}
}

@article{lin2017tactics,
  title={Tactics of adversarial attack on deep reinforcement learning agents},
  author={Lin, Yen-Chen and Hong, Zhang-Wei and Liao, Yuan-Hong and Shih, Meng-Li and Liu, Ming-Yu and Sun, Min},
  journal={arXiv preprint arXiv:1703.06748},
  year={2017}
}

@inproceedings{chen2018shapeshifter,
  title={{ShapeShifter}: Robust physical adversarial attack on {Faster R-CNN} object detector},
  author={Chen, Shang-Tse and Cornelius, Cory and Martin, Jason and Chau, Duen Horng Polo},
  booktitle={Proc. Joint Eur. Conf. Mach. Learn. Knowl. Discov. Databases},
  pages={52--68},
  year={2018}
}

@article{cheng2018query,
  title={Query-efficient hard-label black-box attack: An optimization-based approach},
  author={Cheng, Minhao and Le, Thong and Chen, Pin-Yu and Yi, Jinfeng and Zhang, Huan and Hsieh, Cho-Jui},
  journal={arXiv preprint arXiv:1807.04457},
  year={2018}
}

@inproceedings{li2019nattack,
  title={{NATTACK}: Learning the distributions of adversarial examples for an improved black-box attack on deep neural networks},
  author={Li, Yandong and Li, Lijun and Wang, Liqiang and Zhang, Tong and Gong, Boqing},
  booktitle={Proc. Int. Conf. Mach. Learn.},
  pages={3866--3876},
  year={2019}
}

@inproceedings{papernot2017practical,
  title={Practical black-box attacks against machine learning},
  author={Papernot, Nicolas and McDaniel, Patrick and Goodfellow, Ian and Jha, Somesh and Celik, Z Berkay and Swami, Ananthram},
  booktitle={Proc. ACM Asia Conf. Comput. Commun. Security},
  pages={506--519},
  year={2017}
}

@inproceedings{li2020projection,
  title={Projection \& Probability-Driven Black-Box Attack},
  author={Li, Jie and Ji, Rongrong and Liu, Hong and Liu, Jianzhuang and Zhong, Bineng and Deng, Cheng and Tian, Qi},
  booktitle={Proc. IEEE Conf. Comput. Vis. Pattern Recognit.},
  pages={362--371},
  year={2020}
}

@inproceedings{meng2019white,
  title={White-box target attack for {EEG}-based {BCI} regression problems},
  author={Meng, Lubin and Lin, Chin-Teng and Jung, Tzyy-Ping and Wu, Dongrui},
  booktitle={Proc. Int. Conf. Neural Inf. Process.},
  pages={476--488},
  year={2019}
}

@article{zhang2020adversarial,
  title={Adversarial attacks on deep-learning models in natural language processing: A survey},
  author={Zhang, Wei Emma and Sheng, Quan Z and Alhazmi, Ahoud and Li, Chenliang},
  journal={ACM Trans. Intell. Syst. Technol.},
  volume={11},
  number={3},
  pages={1--41},
  year={2020},
  publisher={ACM New York, NY, USA}
}

@article{morris2020textattack,
  title={{TextAttack}: A framework for adversarial attacks in natural language processing},
  author={Morris, John X and Lifland, Eli and Yoo, Jin Yong and Qi, Yanjun},
  journal={arXiv preprint arXiv:2005.05909},
  year={2020}
}

@inproceedings{jin2020bert,
  title={\uline{Is {BERT} really robust? {A} strong baseline for natural language attack on text classification and entailment}},
  author={Jin, Di and Jin, Zhijing and Zhou, Joey Tianyi and Szolovits, Peter},
  booktitle={Proc. Assoc. Adv. Artif. Intell.},
  pages={8018--8025},
  year={2020}
}

@article{meng2020geometry,
  title={A Geometry-Inspired Attack for Generating Natural Language Adversarial Examples},
  author={Meng, Zhao and Wattenhofer, Roger},
  journal={arXiv preprint arXiv:2010.01345},
  year={2020}
}

@inproceedings{DBLP:conf/iclr/KurakinGB17a,
  author    = {Alexey Kurakin and
               Ian J. Goodfellow and
               Samy Bengio},
  title     = {Adversarial examples in the physical world},
  booktitle = {Proc. Int. Conf. Learn. Representation},
  year      = {2017},
  timestamp = {Thu, 04 Apr 2019 13:20:08 +0200},
  biburl    = {https://dblp.org/rec/conf/iclr/KurakinGB17a.bib},
  bibsource = {dblp computer science bibliography, https://dblp.org}
}

@inproceedings{shafahi2020universal,
  title={\uline{Universal adversarial training}},
  author={Shafahi, Ali and Najibi, Mahyar and Xu, Zheng and Dickerson, John and Davis, Larry S and Goldstein, Tom},
  booktitle={Proc. Assoc. Adv. Artif. Intell.},
  pages={5636--5643},
  year={2020}
}

@inproceedings{chen2020one,
  title={One-shot adversarial attacks on visual tracking with dual attention},
  author={Chen, Xuesong and Yan, Xiyu and Zheng, Feng and Jiang, Yong and Xia, Shu-Tao and Zhao, Yong and Ji, Rongrong},
  booktitle={Proc. IEEE Conf. Comput. Vis. Pattern Recognit.},
  pages={10176--10185},
  year={2020}
}

@article{DBLP:journals/tcsv/ShanZLZH21,
  author    = {Yunxiao Shan and
               Xiaomei Zhou and
               Shanghua Liu and
               Yunfei Zhang and
               Kai Huang},
  title     = {{SiamFPN}: A Deep Learning Method for Accurate and Real-Time Maritime
               Ship Tracking},
  journal   = {{IEEE} Trans. Circuits Syst. Video Technol.},
  volume    = {31},
  number    = {1},
  pages     = {315--325},
  year      = {2021},
  timestamp = {Tue, 02 Mar 2021 11:25:39 +0100},
  biburl    = {https://dblp.org/rec/journals/tcsv/ShanZLZH21.bib},
  bibsource = {dblp computer science bibliography, https://dblp.org}
}

@article{DBLP:journals/tcsv/FanSZYL21,
  author    = {Jiaqing Fan and
               Huihui Song and
               Kaihua Zhang and
               Kang Yang and
               Qingshan Liu},
  title     = {Feature Alignment and Aggregation {Siamese} Networks for Fast Visual
               Tracking},
  journal   = {{IEEE} Trans. Circuits Syst. Video Technol.},
  volume    = {31},
  number    = {4},
  pages     = {1296--1307},
  year      = {2021},
  timestamp = {Thu, 29 Apr 2021 15:14:07 +0200},
  biburl    = {https://dblp.org/rec/journals/tcsv/FanSZYL21.bib},
  bibsource = {dblp computer science bibliography, https://dblp.org}
}

@article{DBLP:journals/tcsv/LiPWK20,
  author    = {Dongdong Li and
               Fatih Porikli and
               Gongjian Wen and
               Yangliu Kuai},
  title     = {When Correlation Filters Meet {Siamese} Networks for Real-Time Complementary
               Tracking},
  journal   = {{IEEE} Trans. Circuits Syst. Video Technol.},
  volume    = {30},
  number    = {2},
  pages     = {509--519},
  year      = {2020},
  timestamp = {Tue, 25 Aug 2020 16:54:48 +0200},
  biburl    = {https://dblp.org/rec/journals/tcsv/LiPWK20.bib},
  bibsource = {dblp computer science bibliography, https://dblp.org}
}

@ARTICLE{9258983,
  author={Jiang, Min and Zhao, Yuyao and Kong, Jun},
  journal={IEEE Trans. Circuits Syst. Video Technol.}, 
  title={\uline{Mutual learning and feature fusion {Siamese} networks for visual object tracking}},
  year={2021},
  volume={31},
  number={8},
  pages={3154-3167},
  doi={10.1109/TCSVT.2020.3037947}}

@ARTICLE{9169672,
  author={Wang, Bo and Zhao, Mengnan and Wang, Wei and Wei, Fei and Qin, Zhan and Ren, Kui},
  journal={IEEE Trans. Circuits Syst. Video Technol.}, 
  title={Are You Confident That You Have Successfully Generated Adversarial Examples?}, 
  year={2021},
  volume={31},
  number={6},
  pages={2089-2099},
  doi={10.1109/TCSVT.2020.3017006}}

@ARTICLE{9303455,
  author={Arashloo, Shervin Rahimzadeh},
  journal={IEEE Trans. Circuits Syst. Video Technol.}, 
  title={Unseen Face Presentation Attack Detection Using Sparse Multiple Kernel Fisher Null-Space}, 
  year={2020},
  volume={},
  number={},
  pages={1-1},
  doi={10.1109/TCSVT.2020.3046505}}

@ARTICLE{9343885,
  author={Xiong, Lizhi and Han, Xiao and Yang, Ching-Nung and Shi, Yun-Qing},
  journal={IEEE Trans. Circuits Syst. Video Technol.}, 
  title={Robust Reversible Watermarking in Encrypted Image with Secure Multi-party based on Lightweight Cryptography}, 
  year={2021},
  volume={},
  number={},
  pages={1-1},
  doi={10.1109/TCSVT.2021.3055072}}

@article{hirano2020simple,
  title={Simple iterative method for generating targeted universal adversarial perturbations},
  author={Hirano, Hokuto and Takemoto, Kazuhiro},
  journal={Algorithms},
  volume={13},
  number={11},
  pages={268},
  year={2020},
  publisher={Multidisciplinary Digital Publishing Institute}
}

@inproceedings{VOT2016,
  author    = {Matej Kristan and
               Ales Leonardis and
               Jiri Matas and
               Michael Felsberg and
               Roman P. Pflugfelder and
               Luka Cehovin and
               Tom{\'{a}}s Voj{\'{\i}}r and
               Gustav H{\"{a}}ger and
               Alan Lukezic and
               Gustavo Fern{\'{a}}ndez and
               others},
  title     = {The Visual Object Tracking {VOT2016} Challenge Results},
  booktitle = {Proc. Eur. Conf. Comput. Vis. Workshops},
  pages     = {777--823},
  year      = {2016}
}
@inproceedings{VOT2018,
  title={\uline{The sixth visual object tracking {VOT2018} challenge results}},
  author={Matej Kristan and Ales Leonardis and Jiri Matas and Michael Felsberg and Roman P. Pflugfelder and Luka Cehovin Zajc and Tom{\'{a}}s Voj{\'{\i}}r and Goutam Bhat and Alan Lukezic and Abdelrahman Eldesokey and others},
  booktitle={Proc. Eur. Conf. Comput. Vis. Workshops},
  pages={3--53},
  year={2018}
}

@inproceedings{VOT2019,
  title={\uline{The seventh visual object tracking {VOT2019} challenge results}},
  author={Matej Kristan and
          Amanda Berg and
          Linyu Zheng and
          Litu Rout and
          Luc Van Gool and
          Luca Bertinetto and
          Martin Danelljan and
          Matteo Dunnhofer and
          Meng Ni and
          Min Young Kim and
          others},
  booktitle={Proc. IEEE Int. Conf. Comput. Vis. Workshops},
  pages={2206--2241},
  year={2019}
}

@inproceedings{UAV123,
  title={A benchmark and simulator for {UAV} tracking},
  author={Mueller, Matthias and Smith, Neil and Ghanem, Bernard},
  booktitle={Proc. Eur. Conf. Comput. Vis. Workshops},
  pages={445--461},
  year={2016}
}

@inproceedings{zolfi2021translucent,
  title={The Translucent Patch: A Physical and Universal Attack on Object Detectors},
  author={Zolfi, Alon and Kravchik, Moshe and Elovici, Yuval and Shabtai, Asaf},
  booktitle={Proceedings of the IEEE/CVF Conference on Computer Vision and Pattern Recognition},
  pages={15232--15241},
  year={2021}
}

@inproceedings{carlini2017towards,
  title={Towards evaluating the robustness of neural networks},
  author={Carlini, Nicholas and Wagner, David},
  booktitle={2017 ieee symposium on security and privacy (sp)},
  pages={39--57},
  year={2017},
  organization={IEEE}
}

@ARTICLE{9376997,
  author={Liu, Shuai and Wang, Shuai and Liu, Xinyu and Gandomi, Amir H. and Daneshmand, Mahmoud and Muhammad, Khan and De Albuquerque, Victor Hugo C.},
  journal={IEEE Trans. Multimedia}, 
  title={Human Memory Update Strategy: A Multi-Layer Template Update Mechanism for Remote Visual Monitoring}, 
  year={2021},
  volume={23},
  number={},
  pages={2188-2198},
  doi={10.1109/TMM.2021.3065580}}

@ARTICLE{9339950,
  author={Marvasti-Zadeh, Seyed Mojtaba and Cheng, Li and Ghanei-Yakhdan, Hossein and Kasaei, Shohreh},
  journal={IEEE Trans. Intell. Transp. Syst.}, 
  title={Deep Learning for Visual Tracking: A Comprehensive Survey}, 
  year={2021},
  volume={},
  number={},
  pages={1-26},
  doi={10.1109/TITS.2020.3046478}}

@ARTICLE{9132673,
  author={Liu, Shuai and Wang, Shuai and Liu, Xinyu and Lin, Chin-Teng and Lv, Zhihan},
  journal={IEEE Trans. on Fuzzy Syst.}, 
  title={Fuzzy Detection Aided Real-Time and Robust Visual Tracking Under Complex Environments}, 
  year={2021},
  volume={29},
  number={1},
  pages={90-102},
  doi={10.1109/TFUZZ.2020.3006520}}

@ARTICLE{9349519,
  author={Wang, Zichi and Feng, Guorui and Zhang, Xinpeng},
  journal={IEEE Trans. Circuits Syst. Video Technol.}, 
  title={Repeatable Data Hiding: Towards the Reusability of Digital Images}, 
  year={2021},
  volume={},
  number={},
  pages={1-1},
  doi={10.1109/TCSVT.2021.3057599}}

@ARTICLE{9294085,
  author={Jia, Shan and Li, Xin and Hu, Chuanbo and Guo, Guodong and Xu, Zhengquan},
  journal={IEEE Trans. Circuits Syst. Video Technol.}, 
  title={\uline{{3D} face anti-spoofing with factorized bilinear coding}},
  year={2021},
  volume={31},
  number={10},
  pages={4031-4045},
  doi={10.1109/TCSVT.2020.3044986}}

  @INPROCEEDINGS{9157720,
  author={Guo, Dongyan and Wang, Jun and Cui, Ying and Wang, Zhenhua and Chen, Shengyong},
  booktitle={Proc. IEEE Conf. Comput. Vis. Pattern Recognit.}, 
  title={{SiamCAR}: {Siamese} Fully Convolutional Classification and Regression for Visual Tracking}, 
  year={2020},
  volume={},
  number={},
  pages={6268-6276},
  doi={10.1109/CVPR42600.2020.00630}}

@article{cui2020fully,
  title={Fully convolutional online tracking},
  author={Cui, Yutao and Jiang, Cheng and Wang, Limin and Wu, Gangshan},
  journal={arXiv preprint arXiv:2004.07109},
  year={2020}
}

@inproceedings{zhang2020ocean,
  title={Ocean: Object-aware anchor-free tracking},
  author={Zhang, Zhipeng and Peng, Houwen and Fu, Jianlong and Li, Bing and Hu, Weiming},
  booktitle={Proc. Eur. Conf. Comput. Vis.},
  pages={771--787},
  year={2020}
}

@ARTICLE{8630918,
  author={Tan, Yun and Qin, Jiaohua and Xiang, Xuyu and Ma, Wentao and Pan, Wenyan and Xiong, Neal N.},
  journal={IEEE Access}, 
  title={A Robust Watermarking Scheme in {YCbCr} Color Space Based on Channel Coding}, 
  year={2019},
  volume={7},
  number={},
  pages={25026-25036},
  doi={10.1109/ACCESS.2019.2896304}}
  
@INPROCEEDINGS{AutoTrack,
  author={Li, Yiming and Fu, Changhong and Ding, Fangqiang and Huang, Ziyuan and Lu, Geng},
  booktitle={Proc. IEEE Conf. Comput. Vis. Pattern Recognit.}, 
  title={{AutoTrack}: Towards High-Performance Visual Tracking for {UAV} With Automatic Spatio-Temporal Regularization}, 
  year={2020},
  volume={},
  number={},
  pages={11920-11929},
  doi={10.1109/CVPR42600.2020.01194}}