@inproceedings{kurakin2017adversarial,
	title="Adversarial examples in the physical world",
	author="Alexey {Kurakin} and Ian J. {Goodfellow} and Samy {Bengio}",
	booktitle="International Conference on Learning Representations (Workshop)",
	year="2017"
}

@inproceedings{danelljan2019atom,
	title="ATOM: Accurate Tracking by Overlap Maximization",
	author="Martin {Danelljan} and Goutam {Bhat} and Fahad Shahbaz {Khan} and Michael {Felsberg}",
	booktitle="2019 IEEE/CVF Conference on Computer Vision and Pattern Recognition (CVPR)",
	pages="4660--4669",
	notes="Sourced from Microsoft Academic - https://academic.microsoft.com/paper/2966759264",
	year="2019"
}

@inproceedings{li2019siamrpn++,
  title={Siamrpn++: Evolution of siamese visual tracking with very deep networks},
  author={Li, Bo and Wu, Wei and Wang, Qiang and Zhang, Fangyi and Xing, Junliang and Yan, Junjie},
  booktitle={Proceedings of the IEEE Conference on Computer Vision and Pattern Recognition},
  pages={4282--4291},
  year={2019}
}

@inproceedings{nam2016learning,
	title="Learning Multi-domain Convolutional Neural Networks for Visual Tracking",
	author="Hyeonseob {Nam} and Bohyung {Han}",
	booktitle="2016 IEEE Conference on Computer Vision and Pattern Recognition (CVPR)",
	pages="4293--4302",
	notes="Sourced from Microsoft Academic - https://academic.microsoft.com/paper/1857884451",
	year="2016"
}

@inproceedings{danelljan2017eco,
  title={Eco: Efficient convolution operators for tracking},
  author={Danelljan, Martin and Bhat, Goutam and Shahbaz Khan, Fahad and Felsberg, Michael},
  booktitle={Proceedings of the IEEE conference on computer vision and pattern recognition},
  pages={6638--6646},
  year={2017}
}

@inproceedings{bertinetto2016fully,
	title="Fully-Convolutional Siamese Networks for Object Tracking",
	author="Luca {Bertinetto} and Jack {Valmadre} and Jo√£o F. {Henriques} and Andrea {Vedaldi} and Philip H. S. {Torr}",
	booktitle="European Conference on Computer Vision",
	pages="850--865",
	notes="Sourced from Microsoft Academic - https://academic.microsoft.com/paper/2470394683",
	year="2016"
}

% Trackers ==============
% KCF
@article{henriques2014high-speed,
author = {Henriques, Joao and Caseiro, Rui and Martins, Pedro and Batista, Jorge},
year = {2014},
month = {04},
pages = {},
title = {High-Speed Tracking with Kernelized Correlation Filters},
volume = {37},
journal = {IEEE Transactions on Pattern Analysis and Machine Intelligence},
doi = {10.1109/TPAMI.2014.2345390}
}

% MOSSE
@inproceedings{bolme2010visual,
  title={Visual object tracking using adaptive correlation filters},
  author={Bolme, David S and Beveridge, J Ross and Draper, Bruce A and Lui, Yui Man},
  booktitle={2010 IEEE Computer Society Conference on Computer Vision and Pattern Recognition},
  pages={2544--2550},
  year={2010},
  organization={IEEE}
}

%UPDT
@inproceedings{bhat2018unveiling,
  title={Unveiling the power of deep tracking},
  author={Bhat, Goutam and Johnander, Joakim and Danelljan, Martin and Shahbaz Khan, Fahad and Felsberg, Michael},
  booktitle={Proceedings of the European Conference on Computer Vision (ECCV)},
  pages={483--498},
  year={2018}
}

% SINT
@inproceedings{tao2016siamese,
  title={Siamese instance search for tracking},
  author={Tao, Ran and Gavves, Efstratios and Smeulders, Arnold WM},
  booktitle={Proceedings of the IEEE conference on computer vision and pattern recognition},
  pages={1420--1429},
  year={2016}
}

% SiamFC
@inproceedings{bertinetto2016fully,
  title={Fully-convolutional siamese networks for object tracking},
  author={Bertinetto, Luca and Valmadre, Jack and Henriques, Joao F and Vedaldi, Andrea and Torr, Philip HS},
  booktitle={European conference on computer vision},
  pages={850--865},
  year={2016},
  organization={Springer}
}

% CFNet
@inproceedings{valmadre2017end,
  title={End-to-end representation learning for correlation filter based tracking},
  author={Valmadre, Jack and Bertinetto, Luca and Henriques, Jo{\~a}o and Vedaldi, Andrea and Torr, Philip HS},
  booktitle={Proceedings of the IEEE Conference on Computer Vision and Pattern Recognition},
  pages={2805--2813},
  year={2017}
}

% SA-Siam
@inproceedings{he2018twofold,
  title={A twofold siamese network for real-time object tracking},
  author={He, Anfeng and Luo, Chong and Tian, Xinmei and Zeng, Wenjun},
  booktitle={Proceedings of the IEEE Conference on Computer Vision and Pattern Recognition},
  pages={4834--4843},
  year={2018}
}

% SiamRPN
@inproceedings{li2018high,
  title={High performance visual tracking with siamese region proposal network},
  author={Li, Bo and Yan, Junjie and Wu, Wei and Zhu, Zheng and Hu, Xiaolin},
  booktitle={Proceedings of the IEEE Conference on Computer Vision and Pattern Recognition},
  pages={8971--8980},
  year={2018}
}

% DASiam
@inproceedings{zhu2018distractor,
  title={Distractor-aware siamese networks for visual object tracking},
  author={Zhu, Zheng and Wang, Qiang and Li, Bo and Wu, Wei and Yan, Junjie and Hu, Weiming},
  booktitle={Proceedings of the European Conference on Computer Vision (ECCV)},
  pages={101--117},
  year={2018}
}

% SiamRPN++
@inproceedings{li2019siamrpn++,
  title={Siamrpn++: Evolution of siamese visual tracking with very deep networks},
  author={Li, Bo and Wu, Wei and Wang, Qiang and Zhang, Fangyi and Xing, Junliang and Yan, Junjie},
  booktitle={Proceedings of the IEEE Conference on Computer Vision and Pattern Recognition},
  pages={4282--4291},
  year={2019}
}

% SiamMask
@article{wang2018fast,
  title={Fast Online Object Tracking and Segmentation: A Unifying Approach},
  author={Wang, Qiang and Zhang, Li and Bertinetto, Luca and Hu, Weiming and Torr, Philip HS},
  journal={arXiv preprint arXiv:1812.05050},
  year={2018}
}

% CIR
@inproceedings{zhang2019deeper,
  title={Deeper and wider siamese networks for real-time visual tracking},
  author={Zhang, Zhipeng and Peng, Houwen},
  booktitle={Proceedings of the IEEE Conference on Computer Vision and Pattern Recognition},
  pages={4591--4600},
  year={2019}
}

% GOTURN
@inproceedings{held2016learning,
  title={Learning to track at 100 fps with deep regression networks},
  author={Held, David and Thrun, Sebastian and Savarese, Silvio},
  booktitle={European Conference on Computer Vision},
  pages={749--765},
  year={2016},
  organization={Springer}
}

% ECO
@inproceedings{danelljan2017eco,
  title={ECO: efficient convolution operators for tracking},
  author={Danelljan, Martin and Bhat, Goutam and Shahbaz Khan, Fahad and Felsberg, Michael},
  booktitle={Proceedings of the IEEE Conference on Computer Vision and Pattern Recognition},
  pages={6638--6646},
  year={2017}
}

% DiMP
@article{bhat2019learning,
  title={Learning Discriminative Model Prediction for Tracking},
  author={Bhat, Goutam and Danelljan, Martin and Van Gool, Luc and Timofte, Radu},
  journal={arXiv preprint arXiv:1904.07220},
  year={2019}
}

% MDNet
@inproceedings{nam2016learning,
  title={Learning multi-domain convolutional neural networks for visual tracking},
  author={Nam, Hyeonseob and Han, Bohyung},
  booktitle={Proceedings of the IEEE Conference on Computer Vision and Pattern Recognition},
  pages={4293--4302},
  year={2016}
}

% Correlation Filtter -----------------
% CFNet
@inproceedings{valmadre2017end,
  title={End-to-end representation learning for correlation filter based tracking},
  author={Valmadre, Jack and Bertinetto, Luca and Henriques, Jo{\~a}o and Vedaldi, Andrea and Torr, Philip HS},
  booktitle={Proceedings of the IEEE Conference on Computer Vision and Pattern Recognition},
  pages={2805--2813},
  year={2017}
}

% DeepSRDCF
@inproceedings{danelljan2015convolutional,
  title={Convolutional features for correlation filter based visual tracking},
  author={Danelljan, Martin and Hager, Gustav and Shahbaz Khan, Fahad and Felsberg, Michael},
  booktitle={Proceedings of the IEEE International Conference on Computer Vision Workshops},
  pages={58--66},
  year={2015}
}

% Anchor-free -----------------
%DenseBox
@article{huang2015densebox,
  title={Densebox: Unifying landmark localization with end to end object detection},
  author={Huang, Lichao and Yang, Yi and Deng, Yafeng and Yu, Yinan},
  journal={arXiv preprint arXiv:1509.04874},
  year={2015}
}

% FCOS
@article{tian2019fcos,
  title={FCOS: Fully Convolutional One-Stage Object Detection},
  author={Tian, Zhi and Shen, Chunhua and Chen, Hao and He, Tong},
  journal={arXiv preprint arXiv:1904.01355},
  year={2019}
}

% Objects as points
@article{zhou2019objects,
  title={Objects as points},
  author={Zhou, Xingyi and Wang, Dequan  and
          Kr{\"{a}}henb{\"{u}}hl, Philipp},
  journal={arXiv preprint arXiv:1904.1904.07850},
  year={2019}
}

% Conernet
@inproceedings{law2018cornernet,
  title={Cornernet: Detecting objects as paired keypoints},
  author={Law, Hei and Deng, Jia},
  booktitle={Proceedings of the European Conference on Computer Vision (ECCV)},
  pages={734--750},
  year={2018}
}

% Segmentation
@inproceedings{long2015fully,
  title={Fully convolutional networks for semantic segmentation},
  author={Long, Jonathan and Shelhamer, Evan and Darrell, Trevor},
  booktitle={Proceedings of the IEEE conference on computer vision and pattern recognition},
  pages={3431--3440},
  year={2015}
}

%crowd counting
@inproceedings{boominathan2016crowdnet,
  title={Crowdnet: A deep convolutional network for dense crowd counting},
  author={Boominathan, Lokesh and Kruthiventi, Srinivas SS and Babu, R Venkatesh},
  booktitle={Proceedings of the 24th ACM international conference on Multimedia},
  pages={640--644},
  year={2016},
  organization={ACM}
}

%pose
@inproceedings{chen2017adversarial,
  title={Adversarial posenet: A structure-aware convolutional network for human pose estimation},
  author={Chen, Yu and Shen, Chunhua and Wei, Xiu-Shen and Liu, Lingqiao and Yang, Jian},
  booktitle={Proceedings of the IEEE International Conference on Computer Vision},
  pages={1212--1221},
  year={2017}
}
% Algorithms ==============
% IoU-Net
@inproceedings{jiang2018acquisition,
  title={Acquisition of localization confidence for accurate object detection},
  author={Jiang, Borui and Luo, Ruixuan and Mao, Jiayuan and Xiao, Tete and Jiang, Yuning},
  booktitle={Proceedings of the European Conference on Computer Vision (ECCV)},
  pages={784--799},
  year={2018}
}


% Fast RCNN
@inproceedings{girshick2015fast,
  title={Fast r-cnn},
  author={Girshick, Ross},
  booktitle={Proceedings of the IEEE international conference on computer vision},
  pages={1440--1448},
  year={2015}
}

% Faster RCNN
@inproceedings{ren2015faster,
  title={Faster r-cnn: Towards real-time object detection with region proposal networks},
  author={Ren, Shaoqing and He, Kaiming and Girshick, Ross and Sun, Jian},
  booktitle={Advances in neural information processing systems},
  pages={91--99},
  year={2015}
}
% cascade rcnn
@inproceedings{cai2018cascade,
  title={Cascade r-cnn: Delving into high quality object detection},
  author={Cai, Zhaowei and Vasconcelos, Nuno},
  booktitle={Proceedings of the IEEE conference on computer vision and pattern recognition},
  pages={6154--6162},
  year={2018}
}
% SSD
@inproceedings{liu2016ssd,
  title={Ssd: Single shot multibox detector},
  author={Liu, Wei and Anguelov, Dragomir and Erhan, Dumitru and Szegedy, Christian and Reed, Scott and Fu, Cheng-Yang and Berg, Alexander C},
  booktitle={European conference on computer vision},
  pages={21--37},
  year={2016},
  organization={Springer}
}
%yolov1
@inproceedings{redmon2016you,
  title={You only look once: Unified, real-time object detection},
  author={Redmon, Joseph and Divvala, Santosh and Girshick, Ross and Farhadi, Ali},
  booktitle={Proceedings of the IEEE conference on computer vision and pattern recognition},
  pages={779--788},
  year={2016}
}
%yolov2
@inproceedings{redmon2017yolo9000,
  title={YOLO9000: better, faster, stronger},
  author={Redmon, Joseph and Farhadi, Ali},
  booktitle={Proceedings of the IEEE conference on computer vision and pattern recognition},
  pages={7263--7271},
  year={2017}
}
%DetNet
@InProceedings{Li_2018_ECCV,
author = {Li, Zeming and Peng, Chao and Yu, Gang and Zhang, Xiangyu and Deng, Yangdong and Sun, Jian},
title = {DetNet: Design Backbone for Object Detection},
booktitle = {The European Conference on Computer Vision (ECCV)},
month = {September},
year = {2018}
}

% Backbone ==============
% AlexNet
@inproceedings{krizhevsky2012imagenet,
  title={Imagenet classification with deep convolutional neural networks},
  author={Krizhevsky, Alex and Sutskever, Ilya and Hinton, Geoffrey E},
  booktitle={Advances in neural information processing systems},
  pages={1097--1105},
  year={2012}
}

% VGG
@InProceedings{Simonyan15,
  author       = "Simonyan, K. and Zisserman, A.",
  title        = "Very Deep Convolutional Networks for Large-Scale Image Recognition",
  booktitle    = "International Conference on Learning Representations",
  year         = "2015",
}

% GoogLeNet
% v1
@inproceedings{szegedy2015going,
  title={Going deeper with convolutions},
  author={Szegedy, Christian and Liu, Wei and Jia, Yangqing and Sermanet, Pierre and Reed, Scott and Anguelov, Dragomir and Erhan, Dumitru and Vanhoucke, Vincent and Rabinovich, Andrew},
  booktitle={Proceedings of the IEEE conference on computer vision and pattern recognition},
  pages={1--9},
  year={2015}
}
% v2
@inproceedings{Ioffe:2015:BNA:3045118.3045167,
 author = {Ioffe, Sergey and Szegedy, Christian},
 title = {Batch Normalization: Accelerating Deep Network Training by Reducing Internal Covariate Shift},
 booktitle = {Proceedings of the 32nd International Conference on International Conference on Machine Learning - Volume 37},
 series = {ICML'15},
 year = {2015},
 location = {Lille, France},
 pages = {448--456},
 numpages = {9},
 url = {http://dl.acm.org/citation.cfm?id=3045118.3045167},
 acmid = {3045167},
 publisher = {JMLR.org},
}
% v3
@inproceedings{szegedy2016rethinking,
  title={Rethinking the inception architecture for computer vision},
  author={Szegedy, Christian and Vanhoucke, Vincent and Ioffe, Sergey and Shlens, Jon and Wojna, Zbigniew},
  booktitle={Proceedings of the IEEE conference on computer vision and pattern recognition},
  pages={2818--2826},
  year={2016}
}

% ResNet
@inproceedings{he2016deep,
  title={Deep residual learning for image recognition},
  author={He, Kaiming and Zhang, Xiangyu and Ren, Shaoqing and Sun, Jian},
  booktitle={Proceedings of the IEEE conference on computer vision and pattern recognition},
  pages={770--778},
  year={2016}
}

% Datasets ==============
% Imagenet
@article{russakovsky2015imagenet,
  title={Imagenet large scale visual recognition challenge},
  author={Russakovsky, Olga and Deng, Jia and Su, Hao and Krause, Jonathan and Satheesh, Sanjeev and Ma, Sean and Huang, Zhiheng and Karpathy, Andrej and Khosla, Aditya and Bernstein, Michael and others},
  journal={International journal of computer vision},
  volume={115},
  number={3},
  pages={211--252},
  year={2015},
  publisher={Springer}
}

% YoutubeBB
@inproceedings{real2017youtube,
  title={Youtube-boundingboxes: A large high-precision human-annotated data set for object detection in video},
  author={Real, Esteban and Shlens, Jonathon and Mazzocchi, Stefano and Pan, Xin and Vanhoucke, Vincent},
  booktitle={Proceedings of the IEEE Conference on Computer Vision and Pattern Recognition},
  pages={5296--5305},
  year={2017}
}

% COCO
@inproceedings{lin2014microsoft,
  title={Microsoft coco: Common objects in context},
  author={Lin, Tsung-Yi and Maire, Michael and Belongie, Serge and Hays, James and Perona, Pietro and Ramanan, Deva and Doll{\'a}r, Piotr and Zitnick, C Lawrence},
  booktitle={European conference on computer vision},
  pages={740--755},
  year={2014},
  organization={Springer}
}

% LaSOT
@inproceedings{fan2019lasot,
  title={Lasot: A high-quality benchmark for large-scale single object tracking},
  author={Fan, Heng and Lin, Liting and Yang, Fan and Chu, Peng and Deng, Ge and Yu, Sijia and Bai, Hexin and Xu, Yong and Liao, Chunyuan and Ling, Haibin},
  booktitle={Proceedings of the IEEE Conference on Computer Vision and Pattern Recognition},
  pages={5374--5383},
  year={2019}
}

% GOT-10k
@article{huang2018got,
  title={GOT-10k: A Large High-Diversity Benchmark for Generic Object Tracking in the Wild},
  author={Huang, Lianghua and Zhao, Xin and Huang, Kaiqi},
  journal={arXiv preprint arXiv:1810.11981},
  year={2018}
}

% Benchmark ==============
% OTB
@inproceedings{wu2013online,
  title={Online object tracking: A benchmark},
  author={Wu, Yi and Lim, Jongwoo and Yang, Ming-Hsuan},
  booktitle={Proceedings of the IEEE conference on computer vision and pattern recognition},
  pages={2411--2418},
  year={2013}
}

% VOT2018
@inproceedings{kristan2018sixth,
  title={The sixth visual object tracking vot2018 challenge results},
  author={Kristan, Matej and Leonardis, Ales and Matas, Jiri and Felsberg, Michael and Pflugfelder, Roman and Cehovin Zajc, Luka and Vojir, Tomas and Bhat, Goutam and Lukezic, Alan and Eldesokey, Abdelrahman and others},
  booktitle={Proceedings of the European Conference on Computer Vision (ECCV)},
  pages={0--0},
  year={2018}
}

% TrackingNet
@inproceedings{muller2018trackingnet,
  title={Trackingnet: A large-scale dataset and benchmark for object tracking in the wild},
  author={Muller, Matthias and Bibi, Adel and Giancola, Silvio and Alsubaihi, Salman and Ghanem, Bernard},
  booktitle={Proceedings of the European Conference on Computer Vision (ECCV)},
  pages={300--317},
  year={2018}
}

% Loss ==============
% Focal loss
@inproceedings{lin2017focal,
  title={Focal loss for dense object detection},
  author={Lin, Tsung-Yi and Goyal, Priya and Girshick, Ross and He, Kaiming and Doll{\'a}r, Piotr},
  booktitle={Proceedings of the IEEE international conference on computer vision},
  pages={2980--2988},
  year={2017}
}

% IoU loss
@inproceedings{yu2016unitbox,
  title={Unitbox: An advanced object detection network},
  author={Yu, Jiahui and Jiang, Yuning and Wang, Zhangyang and Cao, Zhimin and Huang, Thomas},
  booktitle={Proceedings of the 24th ACM international conference on Multimedia},
  pages={516--520},
  year={2016},
  organization={ACM}
}


% Application ==============
% UAV
@inproceedings{mueller2016benchmark,
  title={A benchmark and simulator for uav tracking},
  author={Mueller, Matthias and Smith, Neil and Ghanem, Bernard},
  booktitle={European conference on computer vision},
  pages={445--461},
  year={2016},
  organization={Springer}
}

% Surveillance
@misc{kokkeby2015methods,
  title={Methods for autonomous tracking and surveillance},
  author={Kokkeby, Kristen L and Lutter, Robert P and Munoz, Michael L and Cathey, Frederick W and Hilliard, David J and Olson, Trevor L},
  year={2015},
  month=may # "~5",
  publisher={Google Patents},
  note={US Patent 9,026,272}
}

% Theory ==============
% ERF
@inproceedings{luo2016understanding,
  title={Understanding the effective receptive field in deep convolutional neural networks},
  author={Luo, Wenjie and Li, Yujia and Urtasun, Raquel and Zemel, Richard},
  booktitle={Advances in neural information processing systems},
  pages={4898--4906},
  year={2016}
}




%%%%%%%% Appendix %%%%%%%%
% pyramid box
@inproceedings{tang2018pyramidbox,
  title={Pyramidbox: A context-assisted single shot face detector},
  author={Tang, Xu and Du, Daniel K and He, Zeqiang and Liu, Jingtuo},
  booktitle={Proceedings of the European Conference on Computer Vision (ECCV)},
  pages={797--813},
  year={2018}
}

% maxout
@inproceedings{10.5555/3042817.3043084,
author = {Goodfellow, Ian J. and Warde-Farley, David and Mirza, Mehdi and Courville, Aaron and Bengio, Yoshua},
title = {Maxout Networks},
year = {2013},
publisher = {JMLR.org},
booktitle = {Proceedings of the 30th International Conference on International Conference on Machine Learning - Volume 28},
pages = {III‚Äì1319‚ÄìIII‚Äì1327},
numpages = {9},
location = {Atlanta, GA, USA},
series = {ICML‚Äô13}
}