% Tracking + Attack
@inproceedings{ TemporallyTransferablePerturbations,
  title = "Temporally-Transferable Perturbations: Efficient, One-Shot Adversarial Attacks for Online Visual Object Trackers", 
  author = "Krishna Kanth Nakka and Mathieu Salzmann",
  year = "2020",
}

@inproceedings{SPARK,
  title={SPARK: Spatial-aware online incremental attack against visual tracking},
  author={Guo, Qing and Xie, Xiaofei and Juefei-Xu, Felix and Ma, Lei and Li, Zhongguo and Xue, Wanli and Feng, Wei and Liu, Yang},
  booktitle={Proceedings of the European Conference on Computer Vision (ECCV)},
  volume={2},
  year={2020},
  organization={Springer}
}

@inproceedings{PAT,
  title={Physical adversarial textures that fool visual object tracking},
  author={Wiyatno, Rey Reza and Xu, Anqi},
  booktitle={Proceedings of the IEEE International Conference on Computer Vision},
  pages={4822--4831},
  year={2019}
}

@inproceedings{efficient,
  title={Efficient Adversarial Attacks for Visual Object Tracking},
  author={Liang, Siyuan and Wei, Xingxing and Yao, Siyuan and Cao, Xiaochun},
  booktitle={European Conference on Computer Vision},
  pages={34--50},
  year={2020},
  organization={Springer}
}

@inproceedings{RTAA,
  title={Robust tracking against adversarial attacks},
  author={Jia, Shuai and Ma, Chao and Song, Yibing and Yang, Xiaokang},
  booktitle={European Conference on Computer Vision},
  pages={69--84},
  year={2020},
  organization={Springer}
}

% language + attack

@inproceedings{generating,
  title={Generating natural language adversarial examples through probability weighted word saliency},
  author={Ren, Shuhuai and Deng, Yihe and He, Kun and Che, Wanxiang},
  booktitle={Proceedings of the 57th annual meeting of the association for computational linguistics},
  pages={1085--1097},
  year={2019}
}

% speech + attack

@inproceedings{imperceptible,
  title={Imperceptible, robust, and targeted adversarial examples for automatic speech recognition},
  author={Qin, Yao and Carlini, Nicholas and Cottrell, Garrison and Goodfellow, Ian and Raffel, Colin},
  booktitle={International Conference on Machine Learning},
  pages={5231--5240},
  year={2019},
  organization={PMLR}
}

% detection + attack

@inproceedings{wei2019transferable,
  title={Transferable adversarial attacks for image and video object detection},
  author={Wei, Xingxing and Liang, Siyuan and Chen, Ning and Cao, Xiaochun},
  booktitle={Proceedings of the 28th International Joint Conference on Artificial Intelligence},
  pages={954--960},
  year={2019},
  organization={AAAI Press}
}

% ATTACK
@article{FGSM,
  title={Explaining and harnessing adversarial examples},
  author={Goodfellow, Ian J and Shlens, Jonathon and Szegedy, Christian},
  journal={arXiv preprint arXiv:1412.6572},
  year={2014}
}

@article{PGD,
  title={Towards deep learning models resistant to adversarial attacks},
  author={Madry, Aleksander and Makelov, Aleksandar and Schmidt, Ludwig and Tsipras, Dimitris and Vladu, Adrian},
  journal={arXiv preprint arXiv:1706.06083},
  year={2017}
}

@article{intriguing,
  title={Intriguing properties of neural networks},
  author={Szegedy, Christian and Zaremba, Wojciech and Sutskever, Ilya and Bruna, Joan and Erhan, Dumitru and Goodfellow, Ian and Fergus, Rob},
  journal={arXiv preprint arXiv:1312.6199},
  year={2013}
}

% patch attack
@article{karmon2018lavan,
  title={Lavan: Localized and visible adversarial noise},
  author={Karmon, Danny and Zoran, Daniel and Goldberg, Yoav},
  journal={arXiv preprint arXiv:1801.02608},
  year={2018}
}

@article{patch,
  title={Adversarial patch},
  author={Brown, Tom B and Man{\'e}, Dandelion and Roy, Aurko and Abadi, Mart{\'\i}n and Gilmer, Justin},
  journal={arXiv preprint arXiv:1712.09665},
  year={2017}
}

% universal attack
@inproceedings{UAP,
  title={Universal adversarial perturbations},
  author={Moosavi-Dezfooli, Seyed-Mohsen and Fawzi, Alhussein and Fawzi, Omar and Frossard, Pascal},
  booktitle={Proceedings of the IEEE conference on computer vision and pattern recognition},
  pages={1765--1773},
  year={2017}
}

% trackers
@inproceedings{ATOM,
	title="ATOM: Accurate Tracking by Overlap Maximization",
	author="Martin {Danelljan} and Goutam {Bhat} and Fahad Shahbaz {Khan} and Michael {Felsberg}",
	booktitle=CVPR,
	pages="4660--4669",
	notes="Sourced from Microsoft Academic - https://academic.microsoft.com/paper/2966759264",
	year="2019"
}

@inproceedings{SiamFC,
  title={Fully-convolutional siamese networks for object tracking},
  author={Bertinetto, Luca and Valmadre, Jack and Henriques, Joao F and Vedaldi, Andrea and Torr, Philip HS},
  booktitle=ECCV,
  pages={850--865},
  year={2016}
}

@inproceedings{DaSiamRPN,
  title={Distractor-aware siamese networks for visual object tracking},
  author={Zhu, Zheng and Wang, Qiang and Li, Bo and Wu, Wei and Yan, Junjie and Hu, Weiming},
  booktitle=ECCV,
  pages={101--117},
  year={2018}
}

@inproceedings{SiamFC++,
  author    = {Yinda Xu and
               Zeyu Wang and
               Zuoxin Li and
               Ye Yuan and
               Gang Yu},
  title     = {SiamFC++: Towards Robust and Accurate Visual Tracking with Target
               Estimation Guidelines},
  booktitle = AAAI,
  pages     = {12549--12556},
  year      = {2020}
}

@article{SiamMask,
  title={Fast Online Object Tracking and Segmentation: A Unifying Approach},
  author={Wang, Qiang and Zhang, Li and Bertinetto, Luca and Hu, Weiming and Torr, Philip HS},
  journal={arXiv preprint arXiv:1812.05050},
  year={2018}
}

@inproceedings{SiamRPN,
  title={High performance visual tracking with siamese region proposal network},
  author={Li, Bo and Yan, Junjie and Wu, Wei and Zhu, Zheng and Hu, Xiaolin},
  booktitle=CVPR,
  pages={8971--8980},
  year={2018}
}

@inproceedings{SiamRPN++,
  title={Siamrpn++: Evolution of siamese visual tracking with very deep networks},
  author={Li, Bo and Wu, Wei and Wang, Qiang and Zhang, Fangyi and Xing, Junliang and Yan, Junjie},
  booktitle=CVPR,
  pages={4282--4291},
  year={2019}
}

@inproceedings{GOTURN,
  title={Learning to track at 100 fps with deep regression networks},
  author={Held, David and Thrun, Sebastian and Savarese, Silvio},
  booktitle={European Conference on Computer Vision},
  pages={749--765},
  year={2016},
  organization={Springer}
}

% dataset
@article{GOT-10k,
  title={GOT-10k: A Large High-Diversity Benchmark for Generic Object Tracking in the Wild.},
  author={Huang, L and Zhao, X and Huang, K},
  journal={IEEE Transactions on Pattern Analysis and Machine Intelligence},
  year={2019}
}

@inproceedings{COCO,
  title={Microsoft coco: Common objects in context},
  author={Lin, Tsung-Yi and Maire, Michael and Belongie, Serge and Hays, James and Perona, Pietro and Ramanan, Deva and Doll{\'a}r, Piotr and Zitnick, C Lawrence},
  booktitle=ECCV,
  pages={740--755},
  year={2014},
  organization={Springer}
}

@article{VID,
  title={Imagenet large scale visual recognition challenge},
  author={Russakovsky, Olga and Deng, Jia and Su, Hao and Krause, Jonathan and Satheesh, Sanjeev and Ma, Sean and Huang, Zhiheng and Karpathy, Andrej and Khosla, Aditya and Bernstein, Michael and others},
  journal={International journal of computer vision},
  volume={115},
  number={3},
  pages={211--252},
  year={2015},
  publisher={Springer}
}

@inproceedings{LaSOT,
  title={Lasot: A high-quality benchmark for large-scale single object tracking},
  author={Fan, Heng and Lin, Liting and Yang, Fan and Chu, Peng and Deng, Ge and Yu, Sijia and Bai, Hexin and Xu, Yong and Liao, Chunyuan and Ling, Haibin},
  booktitle=CVPR,
  pages={5374--5383},
  year={2019}
}

@inproceedings{OTB,
  title={Online object tracking: A benchmark},
  author={Wu, Yi and Lim, Jongwoo and Yang, Ming-Hsuan},
  booktitle=CVPR,
  pages={2411--2418},
  year={2013}
}

% backbone
@inproceedings{AlexNet,
  title={Imagenet classification with deep convolutional neural networks},
  author={Krizhevsky, Alex and Sutskever, Ilya and Hinton, Geoffrey E},
  booktitle={Advances in neural information processing systems},
  pages={1097--1105},
  year={2012}
}

@inproceedings{GoogLeNet,
  title={Going deeper with convolutions},
  author={Szegedy, Christian and Liu, Wei and Jia, Yangqing and Sermanet, Pierre and Reed, Scott and Anguelov, Dragomir and Erhan, Dumitru and Vanhoucke, Vincent and Rabinovich, Andrew},
  booktitle=CVPR,
  pages={1--9},
  year={2015}
}

@inproceedings{ShuffleNet,
  title={Shufflenet: An extremely efficient convolutional neural network for mobile devices},
  author={Zhang, Xiangyu and Zhou, Xinyu and Lin, Mengxiao and Sun, Jian},
  booktitle={Proceedings of the IEEE conference on computer vision and pattern recognition},
  pages={6848--6856},
  year={2018}
}

% object detection
@inproceedings{focal,
  title={Focal loss for dense object detection},
  author={Lin, Tsung-Yi and Goyal, Priya and Girshick, Ross and He, Kaiming and Doll{\'a}r, Piotr},
  booktitle={Proceedings of the IEEE international conference on computer vision},
  pages={2980--2988},
  year={2017}
}

@inproceedings{iou-loss,
  title={Unitbox: An advanced object detection network},
  author={Yu, Jiahui and Jiang, Yuning and Wang, Zhangyang and Cao, Zhimin and Huang, Thomas},
  booktitle={Proceedings of the 24th ACM international conference on Multimedia},
  pages={516--520},
  year={2016}
}