@inproceedings{zhu2017flow,
  title={Flow-guided feature aggregation for video object detection},
  author={Zhu, Xizhou and Wang, Yujie and Dai, Jifeng and Yuan, Lu and Wei, Yichen},
  booktitle={Proceedings of the IEEE International Conference on Computer Vision},
  pages={408--417},
  year={2017}
}

@inproceedings{wang2018learning,
  title={Learning attentions: residual attentional siamese network for high performance online visual tracking},
  author={Wang, Qiang and Teng, Zhu and Xing, Junliang and Gao, Jin and Hu, Weiming and Maybank, Stephen},
  booktitle={Proceedings of the IEEE conference on computer vision and pattern recognition},
  pages={4854--4863},
  year={2018}
}

@inproceedings{zhu2018distractor,
  title={Distractor-aware siamese networks for visual object tracking},
  author={Zhu, Zheng and Wang, Qiang and Li, Bo and Wu, Wei and Yan, Junjie and Hu, Weiming},
  booktitle={Proceedings of the European Conference on Computer Vision},
  pages={101--117},
  year={2018}
}


@inproceedings{xu2019spatiotemporal,
  title={Spatiotemporal CNN for Video Object Segmentation},
  author={Xu, Kai and Wen, Longyin and Li, Guorong and Bo, Liefeng and Huang, Qingming},
  booktitle={Proceedings of the IEEE Conference on Computer Vision and Pattern Recognition},
  pages={1379--1388},
  year={2019}
}

@inproceedings{zhu2018end,
  title={End-to-end flow correlation tracking with spatial-temporal attention},
  author={Zhu, Zheng and Wu, Wei and Zou, Wei and Yan, Junjie},
  booktitle={Proceedings of the IEEE Conference on Computer Vision and Pattern Recognition},
  pages={548--557},
  year={2018}
}

@inproceedings{lin2019tsm,
  title={Tsm: Temporal shift module for efficient video understanding},
  author={Lin, Ji and Gan, Chuang and Han, Song},
  booktitle={Proceedings of the IEEE International Conference on Computer Vision},
  pages={7083--7093},
  year={2019}
}

@inproceedings{tao2016siamese,
  title={Siamese instance search for tracking},
  author={Tao, Ran and Gavves, Efstratios and Smeulders, Arnold WM},
  booktitle={Proceedings of the IEEE Conference on Computer Vision and Pattern Recognition},
  pages={1420--1429},
  year={2016}
}

@inproceedings{gladh2016deep,
  title={Deep motion features for visual tracking},
  author={Gladh, Susanna and Danelljan, Martin and Khan, Fahad Shahbaz and Felsberg, Michael},
  booktitle={Proceedings of the International Conference on Pattern Recognition},
  pages={1243--1248},
  year={2016}
}

@inproceedings{park2018adversarial,
  title={Adversarial dropout for supervised and semi-supervised learning},
  author={Park, Sungrae and Park, JunKeon and Shin, Su-Jin and Moon, Il-Chul},
  booktitle={Thirty-Second AAAI Conference on Artificial Intelligence},
  year={2018},
  pages={3917--3924}
}

@inproceedings{lin2017feature,
  title={Feature pyramid networks for object detection},
  author={Lin, Tsung-Yi and Doll{\'a}r, Piotr and Girshick, Ross and He, Kaiming and Hariharan, Bharath and Belongie, Serge},
  booktitle={Proceedings of the IEEE Conference on Computer Vision and Pattern Recognition},
  pages={2117--2125},
  year={2017}
}

@inproceedings{ren2015faster,
  title={Faster r-cnn: Towards real-time object detection with region proposal networks},
  author={Ren, Shaoqing and He, Kaiming and Girshick, Ross and Sun, Jian},
  booktitle={Proceedings of Advances in Neural Information Processing Systems},
  pages={91--99},
  year={2015}
}

@inproceedings{he2017mask,
  title={Mask r-cnn},
  author={He, Kaiming and Gkioxari, Georgia and Doll{\'a}r, Piotr and Girshick, Ross},
  booktitle={Proceedings of the IEEE International Conference on Computer Vision},
  pages={2961--2969},
  year={2017}
}

@inproceedings{lee2019drop,
  title={Drop to adapt: Learning discriminative features for unsupervised domain adaptation},
  author={Lee, Seungmin and Kim, Dongwan and Kim, Namil and Jeong, Seong-Gyun},
  booktitle={Proceedings of the IEEE International Conference on Computer Vision},
  pages={91--100},
  year={2019}
}

@inproceedings{danelljan2017eco,
  title={Eco: Efficient convolution operators for tracking},
  author={Danelljan, Martin and Bhat, Goutam and Shahbaz Khan, Fahad and Felsberg, Michael},
  booktitle={Proceedings of the IEEE conference on computer vision and pattern recognition},
  pages={6638--6646},
  year={2017}
}

@article{Huang_2019,
  title={GOT-10k: A Large High-Diversity Benchmark for Generic Object Tracking in the Wild},
  ISSN={1939-3539},
  url={http://dx.doi.org/10.1109/TPAMI.2019.2957464},
  DOI={10.1109/tpami.2019.2957464},
  journal={IEEE Transactions on Pattern Analysis and Machine Intelligence},
  author={Huang, Lianghua and Zhao, Xin and Huang, Kaiqi},
  year={2019}
 }
 
@inproceedings{wang2019fast,
  title={Fast online object tracking and segmentation: A unifying approach},
  author={Wang, Qiang and Zhang, Li and Bertinetto, Luca and Hu, Weiming and Torr, Philip HS},
  booktitle={Proceedings of the IEEE Conference on Computer Vision and Pattern Recognition},
  pages={1328--1338},
  year={2019}
}

@inproceedings{mueller2016benchmark,
  title={A benchmark and simulator for uav tracking},
  author={Mueller, Matthias and Smith, Neil and Ghanem, Bernard},
  booktitle={Proceedings of the European Conference on Computer Vision},
  pages={445--461},
  year={2016}
}

@article{russakovsky2015imagenet,
  title={Imagenet large scale visual recognition challenge},
  author={Russakovsky, Olga and Deng, Jia and Su, Hao and Krause, Jonathan and Satheesh, Sanjeev and Ma, Sean and Huang, Zhiheng and Karpathy, Andrej and Khosla, Aditya and Bernstein, Michael and others},
  journal={International journal of computer vision},
  volume={115},
  number={3},
  pages={211--252},
  year={2015},
  publisher={Springer}
}

@article{lin2013network,
  title={Network in network},
  author={Lin, Min and Chen, Qiang and Yan, Shuicheng},
  journal={arXiv preprint arXiv:1312.4400},
  year={2013}
}

@inproceedings{li2018high,
  title={High performance visual tracking with siamese region proposal network},
  author={Li, Bo and Yan, Junjie and Wu, Wei and Zhu, Zheng and Hu, Xiaolin},
  booktitle={Proceedings of the IEEE Conference on Computer Vision and Pattern Recognition},
  pages={8971--8980},
  year={2018}
}

@inproceedings{fan2017parallel,
  title={Parallel tracking and verifying: A framework for real-time and high accuracy visual tracking},
  author={Fan, Heng and Ling, Haibin},
  booktitle={Proceedings of the IEEE International Conference on Computer Vision},
  pages={5486--5494},
  year={2017}
}

@inproceedings{he2018twofold,
  title={A twofold siamese network for real-time object tracking},
  author={He, Anfeng and Luo, Chong and Tian, Xinmei and Zeng, Wenjun},
  booktitle={Proceedings of the IEEE Conference on Computer Vision and Pattern Recognition},
  pages={4834--4843},
  year={2018}
}

@inproceedings{li2019siamrpn++,
  title={Siamrpn++: Evolution of siamese visual tracking with very deep networks},
  author={Li, Bo and Wu, Wei and Wang, Qiang and Zhang, Fangyi and Xing, Junliang and Yan, Junjie},
  booktitle={Proceedings of the IEEE Conference on Computer Vision and Pattern Recognition},
  pages={4282--4291},
  year={2019}
}