% Encoding: UTF-8
@inproceedings{kurakin2017adversarial,
	title="Adversarial examples in the physical world",
	author="Alexey {Kurakin} and Ian J. {Goodfellow} and Samy {Bengio}",
	booktitle="ICLRW",
	year="2017"
}

@inproceedings{danelljan2019atom,
	title="ATOM: Accurate Tracking by Overlap Maximization",
	author="Martin {Danelljan} and Goutam {Bhat} and Fahad Shahbaz {Khan} and Michael {Felsberg}",
	booktitle="CVPR",
	pages="4660--4669",
	notes="Sourced from Microsoft Academic - https://academic.microsoft.com/paper/2966759264",
	year="2019"
}

@InProceedings{Danelljan_2020_CVPR,
author = {Danelljan, Martin and Gool, Luc Van and Timofte, Radu},
title = {Probabilistic Regression for Visual Tracking},
booktitle="CVPR",
pages={7183--7192},
year = {2020}
}

@inproceedings{DBLP:conf/aaai/ZhouWS20,
  author    = {Jinghao Zhou and
               Peng Wang and
               Haoyang Sun},
  title     = {Discriminative and Robust Online Learning for Siamese Visual Tracking},
  booktitle = "AAAI",
  pages     = {13017--13024},
  year      = {2020}
}

% Trackers ==============
% KCF
@article{henriques2014high-speed,
author = {Henriques, Joao and Caseiro, Rui and Martins, Pedro and Batista, Jorge},
year = {2014},
month = {04},
pages = {},
title = {High-Speed Tracking with Kernelized Correlation Filters},
volume = {37},
journal = {IEEE Transactions on Pattern Analysis and Machine Intelligence},
doi = {10.1109/TPAMI.2014.2345390}
}

% MOSSE
@inproceedings{bolme2010visual,
  title={Visual object tracking using adaptive correlation filters},
  author={Bolme, David S and Beveridge, J Ross and Draper, Bruce A and Lui, Yui Man},
  booktitle="CVPR",
  pages={2544--2550},
  year={2010},
  organization={IEEE}
}

%UPDT
@inproceedings{bhat2018unveiling,
  title={Unveiling the power of deep tracking},
  author={Bhat, Goutam and Johnander, Joakim and Danelljan, Martin and Shahbaz Khan, Fahad and Felsberg, Michael},
  booktitle="ECCV",
  pages={483--498},
  year={2018}
}

% SINT
@inproceedings{tao2016siamese,
  title={Siamese instance search for tracking},
  author={Tao, Ran and Gavves, Efstratios and Smeulders, Arnold WM},
  booktitle="CVPR",
  pages={1420--1429},
  year={2016}
}

% SiamFC

@InProceedings{SiamFC,
  author    = {Bertinetto, Luca and Valmadre, Jack and Henriques, Joao F and Vedaldi, Andrea and Torr, Philip HS},
  booktitle = {ECCV},
  title     = {Fully-convolutional siamese networks for object tracking},
  pages     = {850--865},
  year      = {2016},
}

%CCOT
@inproceedings{CCOT,
  author    = {Martin Danelljan and
               Andreas Robinson and
               Fahad Shahbaz Khan and
               Michael Felsberg},
  title     = {Beyond Correlation Filters: Learning Continuous Convolution Operators
               for Visual Tracking},
  booktitle = "ECCV",
  pages     = {472--488},
  year      = {2016}
}

%CF2
@inproceedings{CF2,
  author    = {Chao Ma and
               Jia{-}Bin Huang and
               Xiaokang Yang and
               Ming{-}Hsuan Yang},
  title     = {Hierarchical Convolutional Features for Visual Tracking},
  booktitle = "ICCV",
  pages     = {3074--3082},
  year      = {2015}
}

% SA-Siam
@inproceedings{he2018twofold,
  title={A twofold siamese network for real-time object tracking},
  author={He, Anfeng and Luo, Chong and Tian, Xinmei and Zeng, Wenjun},
  booktitle="CVPR",
  pages={4834--4843},
  year={2018}
}

% SiamRPN

@InProceedings{SiamRPN,
  author    = {Li, Bo and Yan, Junjie and Wu, Wei and Zhu, Zheng and Hu, Xiaolin},
  booktitle = {CVPR},
  title     = {High performance visual tracking with siamese region proposal network},
  pages     = {8971--8980},
  year      = {2018},
}

% DASiam
@inproceedings{zhu2018distractor,
  title={Distractor-aware siamese networks for visual object tracking},
  author={Zhu, Zheng and Wang, Qiang and Li, Bo and Wu, Wei and Yan, Junjie and Hu, Weiming},
  booktitle="ECCV",
  pages={101--117},
  year={2018}
}

% SiamRPN++

@InProceedings{SiamRPN++,
  author    = {Li, Bo and Wu, Wei and Wang, Qiang and Zhang, Fangyi and Xing, Junliang and Yan, Junjie},
  booktitle = {CVPR},
  title     = {Siamrpn++: Evolution of siamese visual tracking with very deep networks},
  pages     = {4282--4291},
  year      = {2019},
}

% SiamMask
@article{wang2018fast,
  title={Fast Online Object Tracking and Segmentation: A Unifying Approach},
  author={Wang, Qiang and Zhang, Li and Bertinetto, Luca and Hu, Weiming and Torr, Philip HS},
  journal={arXiv preprint arXiv:1812.05050},
  year={2018}
}

% CIR
@inproceedings{zhang2019deeper,
  title={Deeper and wider siamese networks for real-time visual tracking},
  author={Zhang, Zhipeng and Peng, Houwen},
  booktitle="CVPR",
  pages={4591--4600},
  year={2019}
}

% GOTURN

@InProceedings{GOTURN,
  author    = {Held, David and Thrun, Sebastian and Savarese, Silvio},
  booktitle = {ECCV},
  title     = {Learning to track at 100 fps with deep regression networks},
  pages     = {749--765},
  year      = {2016},
}

% ECO
@inproceedings{danelljan2017eco,
  title={ECO: efficient convolution operators for tracking},
  author={Danelljan, Martin and Bhat, Goutam and Shahbaz Khan, Fahad and Felsberg, Michael},
  booktitle="CVPR",
  pages={6638--6646},
  year={2017}
}

%UPDATENET
@InProceedings{Zhang_2019_ICCV,
author = {Zhang, Lichao and Gonzalez-Garcia, Abel and Weijer, Joost van de and Danelljan, Martin and Khan, Fahad Shahbaz},
title = {Learning the Model Update for Siamese Trackers},
booktitle = "ICCV",
pages={6162--6171},
year = {2019}
}

%GRADNET
@InProceedings{Li_2019_ICCV,
author = {Li, Peixia and Chen, Boyu and Ouyang, Wanli and Wang, Dong and Yang, Xiaoyun and Lu, Huchuan},
title = {GradNet: Gradient-Guided Network for Visual Object Tracking},
booktitle = "ICCV",
pages={6162--6171},
year = {2019}
}

%TADT
@InProceedings{Li_2019_CVPR,
author = {Li, Xin and Ma, Chao and Wu, Baoyuan and He, Zhenyu and Yang, Ming-Hsuan},
title = {Target-Aware Deep Tracking},
booktitle="CVPR",
pages={1369--1378},
year = {2019}
}

% DiMP
@InProceedings{Bhat_2019_ICCV,
author = {Bhat, Goutam and Danelljan, Martin and Gool, Luc Van and Timofte, Radu},
title = {Learning Discriminative Model Prediction for Tracking},
booktitle = "ICCV",
pages={6182--6191},
year = {2019}
}

% MDNet
@inproceedings{nam2016learning,
  title={Learning multi-domain convolutional neural networks for visual tracking},
  author={Nam, Hyeonseob and Han, Bohyung},
  booktitle="CVPR",
  pages={4293--4302},
  year={2016}
}

% Correlation Filtter -----------------
% CFNet
@inproceedings{valmadre2017end,
  title={End-to-end representation learning for correlation filter based tracking},
  author={Valmadre, Jack and Bertinetto, Luca and Henriques, Jo{\~a}o and Vedaldi, Andrea and Torr, Philip HS},
  booktitle="CVPR",
  pages={2805--2813},
  year={2017}
}

% DeepSRDCF
@inproceedings{danelljan2015convolutional,
  title={Convolutional features for correlation filter based visual tracking},
  author={Danelljan, Martin and Hager, Gustav and Shahbaz Khan, Fahad and Felsberg, Michael},
  booktitle="ICCV",
  pages={58--66},
  year={2015}
}

% Anchor-free -----------------
%DenseBox

@Article{iou-loss,
  author  = {Huang, Lichao and Yang, Yi and Deng, Yafeng and Yu, Yinan},
  title   = {Densebox: Unifying landmark localization with end to end object detection},
  journal = {arXiv preprint arXiv:1509.04874},
  year    = {2015},
}

% FCOS
@article{tian2019fcos,
  title={FCOS: Fully Convolutional One-Stage Object Detection},
  author={Tian, Zhi and Shen, Chunhua and Chen, Hao and He, Tong},
  journal={arXiv preprint arXiv:1904.01355},
  year={2019}
}

% Objects as points
@article{zhou2019objects,
  title={Objects as points},
  author={Zhou, Xingyi and Wang, Dequan  and
          Kr{\"{a}}henb{\"{u}}hl, Philipp},
  journal={arXiv preprint arXiv:1904.1904.07850},
  year={2019}
}

% Conernet
@inproceedings{law2018cornernet,
  title={Cornernet: Detecting objects as paired keypoints},
  author={Law, Hei and Deng, Jia},
  booktitle="ECCV",
  pages={734--750},
  year={2018}
}

% Segmentation
@inproceedings{long2015fully,
  title={Fully convolutional networks for semantic segmentation},
  author={Long, Jonathan and Shelhamer, Evan and Darrell, Trevor},
  booktitle="CVPR",
  pages={3431--3440},
  year={2015}
}

%crowd counting
@inproceedings{boominathan2016crowdnet,
  title={Crowdnet: A deep convolutional network for dense crowd counting},
  author={Boominathan, Lokesh and Kruthiventi, Srinivas SS and Babu, R Venkatesh},
  booktitle="ACMMM",
  pages={640--644},
  year={2016}
}

%pose
@inproceedings{chen2017adversarial,
  title={Adversarial posenet: A structure-aware convolutional network for human pose estimation},
  author={Chen, Yu and Shen, Chunhua and Wei, Xiu-Shen and Liu, Lingqiao and Yang, Jian},
  booktitle="ICCV",
  pages={1212--1221},
  year={2017}
}
% Algorithms ==============
% IoU-Net
@inproceedings{jiang2018acquisition,
  title={Acquisition of localization confidence for accurate object detection},
  author={Jiang, Borui and Luo, Ruixuan and Mao, Jiayuan and Xiao, Tete and Jiang, Yuning},
  booktitle="ECCV",
  pages={784--799},
  year={2018}
}


% Fast RCNN
@inproceedings{girshick2015fast,
  title={Fast r-cnn},
  author={Girshick, Ross},
  booktitle="ICCV",
  pages={1440--1448},
  year={2015}
}

% cascade rcnn
@inproceedings{cai2018cascade,
  title={Cascade r-cnn: Delving into high quality object detection},
  author={Cai, Zhaowei and Vasconcelos, Nuno},
  booktitle="CVPR",
  pages={6154--6162},
  year={2018}
}
% SSD
@inproceedings{liu2016ssd,
  title={Ssd: Single shot multibox detector},
  author={Liu, Wei and Anguelov, Dragomir and Erhan, Dumitru and Szegedy, Christian and Reed, Scott and Fu, Cheng-Yang and Berg, Alexander C},
  booktitle="ECCV",
  pages={21--37},
  year={2016}
}
%yolov1
@inproceedings{redmon2016you,
  title={You only look once: Unified, real-time object detection},
  author={Redmon, Joseph and Divvala, Santosh and Girshick, Ross and Farhadi, Ali},
  booktitle="CVPR",
  pages={779--788},
  year={2016}
}
%yolov2
@inproceedings{redmon2017yolo9000,
  title={YOLO9000: better, faster, stronger},
  author={Redmon, Joseph and Farhadi, Ali},
  booktitle="CVPR",
  pages={7263--7271},
  year={2017}
}
%DetNet
@InProceedings{Li_2018_ECCV,
author = {Li, Zeming and Peng, Chao and Yu, Gang and Zhang, Xiangyu and Deng, Yangdong and Sun, Jian},
title = {DetNet: Design Backbone for Object Detection},
booktitle="ECCV",
month = {September},
year = {2018}
}

% Backbone ==============
% AlexNet

@InProceedings{AlexNet,
  author    = {Krizhevsky, Alex and Sutskever, Ilya and Hinton, Geoffrey E},
  booktitle = {Advances in neural information processing systems},
  title     = {Imagenet classification with deep convolutional neural networks},
  pages     = {1097--1105},
  year      = {2012},
}

% VGG
@InProceedings{Simonyan15,
  author       = "Simonyan, K. and Zisserman, A.",
  title        = "Very Deep Convolutional Networks for Large-Scale Image Recognition",
  booktitle    = "International Conference on Learning Representations",
  year         = "2015",
}

% GoogLeNet
% v1

@InProceedings{GoogLeNet,
  author    = {Szegedy, Christian and Liu, Wei and Jia, Yangqing and Sermanet, Pierre and Reed, Scott and Anguelov, Dragomir and Erhan, Dumitru and Vanhoucke, Vincent and Rabinovich, Andrew},
  booktitle = {CVPR},
  title     = {Going deeper with convolutions},
  pages     = {1--9},
  year      = {2015},
}
% v2
@inproceedings{Ioffe:2015:BNA:3045118.3045167,
 author = {Ioffe, Sergey and Szegedy, Christian},
 title = {Batch Normalization: Accelerating Deep Network Training by Reducing Internal Covariate Shift},
 booktitle = {Proceedings of the 32nd International Conference on International Conference on Machine Learning - Volume 37},
 series = {ICML'15},
 year = {2015},
 location = {Lille, France},
 pages = {448--456},
 numpages = {9},
 acmid = {3045167},
 publisher = {JMLR.org},
}
% v3
@inproceedings{szegedy2016rethinking,
  title={Rethinking the inception architecture for computer vision},
  author={Szegedy, Christian and Vanhoucke, Vincent and Ioffe, Sergey and Shlens, Jon and Wojna, Zbigniew},
  booktitle="CVPR",
  pages={2818--2826},
  year={2016}
}

% ResNet
@inproceedings{he2016deep,
  title={Deep residual learning for image recognition},
  author={He, Kaiming and Zhang, Xiangyu and Ren, Shaoqing and Sun, Jian},
  booktitle="CVPR",
  pages={770--778},
  year={2016}
}

% Datasets ==============
% Imagenet

@Article{VID,
  author  = {Russakovsky, Olga and Deng, Jia and Su, Hao and Krause, Jonathan and Satheesh, Sanjeev and Ma, Sean and Huang, Zhiheng and Karpathy, Andrej and Khosla, Aditya and Bernstein, Michael and others},
  title   = {Imagenet large scale visual recognition challenge},
  number  = {3},
  pages   = {211--252},
  volume  = {115},
  journal = {IJCV},
  year    = {2015},
}

% YoutubeBB
@inproceedings{real2017youtube,
  title={Youtube-boundingboxes: A large high-precision human-annotated data set for object detection in video},
  author={Real, Esteban and Shlens, Jonathon and Mazzocchi, Stefano and Pan, Xin and Vanhoucke, Vincent},
  booktitle="CVPR",
  pages={5296--5305},
  year={2017}
}

% LaSOT

@InProceedings{LaSOT,
  author    = {Fan, Heng and Lin, Liting and Yang, Fan and Chu, Peng and Deng, Ge and Yu, Sijia and Bai, Hexin and Xu, Yong and Liao, Chunyuan and Ling, Haibin},
  booktitle = {CVPR},
  title     = {Lasot: A high-quality benchmark for large-scale single object tracking},
  pages     = {5374--5383},
  year      = {2019},
}

@inproceedings{DBLP:conf/aaai/JungYNCH20,
  author    = {Ilchae Jung and
               Kihyun You and
               Hyeonwoo Noh and
               Minsu Cho and
               Bohyung Han},
  title     = {Real-Time Object Tracking via Meta-Learning: Efficient Model Adaptation
               and One-Shot Channel Pruning},
  booktitle="AAAI",
  pages     = {11205--11212},
  year      = {2020}
}

%ROAM
@inproceedings{ROAM,
  author    = {Tianyu Yang and
               Pengfei Xu and
               Runbo Hu and
               Hua Chai and
               Antoni B. Chan},
  title     = {{ROAM:} Recurrently Optimizing Tracking Model},
  booktitle="CVPR",
  year      = {2020},
  pages={6718--6727}
}

% GOT-10k

@Article{GOT-10k,
  author  = {Huang, Lianghua and Zhao, Xin and Huang, Kaiqi},
  title   = {GOT-10k: A Large High-Diversity Benchmark for Generic Object Tracking in the Wild},
  journal = {arXiv preprint arXiv:1810.11981},
  year    = {2018},
}

% Benchmark ==============
% OTB

@InProceedings{OTB,
  author    = {Wu, Yi and Lim, Jongwoo and Yang, Ming-Hsuan},
  booktitle = {CVPR},
  title     = {Online object tracking: A benchmark},
  pages     = {2411--2418},
  year      = {2013},
}

% VOT2018
@inproceedings{kristan2018sixth,
  title={The sixth visual object tracking vot2018 challenge results},
  author={Kristan, Matej and Leonardis, Ales and Matas, Jiri and Felsberg, Michael and Pflugfelder, Roman and Cehovin Zajc, Luka and Vojir, Tomas and Bhat, Goutam and Lukezic, Alan and Eldesokey, Abdelrahman and others},
  booktitle="eccvw",
  pages={3--53},
  year={2018}
}

% TrackingNet
@inproceedings{muller2018trackingnet,
  title={Trackingnet: A large-scale dataset and benchmark for object tracking in the wild},
  author={Muller, Matthias and Bibi, Adel and Giancola, Silvio and Alsubaihi, Salman and Ghanem, Bernard},
  booktitle="ECCV",
  pages={300--317},
  year={2018}
}

% Loss ==============
% Focal loss

@InProceedings{focal,
  author    = {Lin, Tsung-Yi and Goyal, Priya and Girshick, Ross and He, Kaiming and Doll{\'a}r, Piotr},
  booktitle = {ICCV},
  title     = {Focal loss for dense object detection},
  pages     = {2980--2988},
  year      = {2017},
}

% IoU loss
@inproceedings{yu2016unitbox,
  title={Unitbox: An advanced object detection network},
  author={Yu, Jiahui and Jiang, Yuning and Wang, Zhangyang and Cao, Zhimin and Huang, Thomas},
  booktitle="ACMMM",
  pages={516--520},
  year={2016}
}


% Application ==============
% UAV
@inproceedings{mueller2016benchmark,
  title={A benchmark and simulator for uav tracking},
  author={Mueller, Matthias and Smith, Neil and Ghanem, Bernard},
  booktitle="ECCV",
  pages={445--461},
  year={2016}
}

% Surveillance
@misc{kokkeby2015methods,
  title={Methods for autonomous tracking and surveillance},
  author={Kokkeby, Kristen L and Lutter, Robert P and Munoz, Michael L and Cathey, Frederick W and Hilliard, David J and Olson, Trevor L},
  year={2015},
  month=may # "~5",
  publisher={Google Patents},
  note={US Patent 9,026,272}
}

% Theory ==============
% ERF
@inproceedings{luo2016understanding,
  title={Understanding the effective receptive field in deep convolutional neural networks},
  author={Luo, Wenjie and Li, Yujia and Urtasun, Raquel and Zemel, Richard},
  booktitle={Advances in neural information processing systems},
  pages={4898--4906},
  year={2016}
}




%%%%%%%% Appendix %%%%%%%%
% pyramid box
@inproceedings{tang2018pyramidbox,
  title={Pyramidbox: A context-assisted single shot face detector},
  author={Tang, Xu and Du, Daniel K and He, Zeqiang and Liu, Jingtuo},
  booktitle="ECCV",
  pages={797--813},
  year={2018}
}

% maxout
@inproceedings{10.5555/3042817.3043084,
author = {Goodfellow, Ian J. and Warde-Farley, David and Mirza, Mehdi and Courville, Aaron and Bengio, Yoshua},
title = {Maxout Networks},
year = {2013},
publisher = {JMLR.org},
booktitle = {Proceedings of the 30th International Conference on International Conference on Machine Learning - Volume 28},
pages = {III–1319–III–1327},
numpages = {9},
location = {Atlanta, GA, USA},
series = {ICML’13}
}

@inproceedings{sun2019deep,
  title={Deep High-Resolution Representation Learning for Human Pose Estimation},
  author={Sun, Ke and Xiao, Bin and Liu, Dong and Wang, Jingdong},
  booktitle={Proceedings of the IEEE Conference on Computer Vision and Pattern Recognition},
  pages={5693--5703},
  year={2019}
}

@article{kingma2014adam,
  title={Adam: A method for stochastic optimization},
  author={Kingma, Diederik P and Ba, Jimmy},
  journal={arXiv preprint arXiv:1412.6980},
  year={2014}
}

@inproceedings{fan2018parallel,
  title={Parallel tracking and verifying: A framework for real-time and high accuracy visual tracking},
  author={Fan, Heng and Ling, Haibin},
  booktitle={Proceedings of the IEEE International Conference on Computer Vision},
  pages={5486--5494},
  year={2017}
}

@article{iswanto2017visual,
  title={Visual object tracking based on mean-shift and particle-Kalman filter},
  author={Iswanto, Irene Anindaputri and Li, Bin},
  journal={Procedia computer science},
  volume={116},
  pages={587--595},
  year={2017},
  publisher={Elsevier}
}

@inproceedings{hong2015multi,
  title={Multi-store tracker (muster): A cognitive psychology inspired approach to object tracking},
  author={Hong, Zhibin and Chen, Zhe and Wang, Chaohui and Mei, Xue and Prokhorov, Danil and Tao, Dacheng},
  booktitle={Proceedings of the IEEE Conference on Computer Vision and Pattern Recognition},
  pages={749--758},
  year={2015}
}

@inproceedings{wojke2017simple,
  title={Simple online and realtime tracking with a deep association metric},
  author={Wojke, Nicolai and Bewley, Alex and Paulus, Dietrich},
  booktitle={2017 IEEE International Conference on Image Processing (ICIP)},
  pages={3645--3649},
  year={2017},
  organization={IEEE}
}

@inproceedings{milan2013detection,
  title={Detection-and trajectory-level exclusion in multiple object tracking},
  author={Milan, Anton and Schindler, Konrad and Roth, Stefan},
  booktitle={Proceedings of the IEEE conference on computer vision and pattern recognition},
  pages={3682--3689},
  year={2013}
}

@inproceedings{dicle2013way,
  title={The way they move: Tracking multiple targets with similar appearance},
  author={Dicle, Caglayan and Camps, Octavia I and Sznaier, Mario},
  booktitle={Proceedings of the IEEE international conference on computer vision},
  pages={2304--2311},
  year={2013}
}

@inproceedings{yoon2015bayesian,
  title={Bayesian multi-object tracking using motion context from multiple objects},
  author={Yoon, Ju Hong and Yang, Ming-Hsuan and Lim, Jongwoo and Yoon, Kuk-Jin},
  booktitle={2015 IEEE Winter Conference on Applications of Computer Vision},
  pages={33--40},
  year={2015},
  organization={IEEE}
}

@article{He2018MaskR,
  title={Mask R-CNN.},
  author={Kaiming He and Georgia Gkioxari and Piotr Doll{\'a}r and Ross B. Girshick},
  journal={IEEE transactions on pattern analysis and machine intelligence},
  year={2018}
}

@inproceedings{Danelljan2014AccurateSE,
  title={Accurate scale estimation for robust visual tracking},
  author={Danelljan, Martin and H{\"a}ger, Gustav and Khan, Fahad and Felsberg, Michael},
  booktitle={British Machine Vision Conference, Nottingham, September 1-5, 2014},
  year={2014},
  pages={38--48},
  organization={BMVA Press}
}

@article{Lukezic2017DiscriminativeCF,
  title={Discriminative Correlation Filter Tracker with Channel and Spatial Reliability},
  author={Alan Lukezic and Tom{\'a}s Voj{\'i}r and Luka Cehovin Zajc and Jiri Matas and Matej Kristan},
  journal={2017 IEEE Conference on Computer Vision and Pattern Recognition (CVPR)},
  year={2017},
  pages={4847-4856}
}

@inproceedings{Pinheiro2015LearningTS,
  title={Learning to Segment Object Candidates},
  author={Pedro H. O. Pinheiro and Ronan Collobert and Piotr Doll{\'a}r},
  booktitle={NIPS},
  year={2015}
}

@InProceedings{COCO,
  author    = {Tsung-Yi Lin and Michael Maire and Serge J. Belongie and Lubomir D. Bourdev and Ross B. Girshick and James Hays and Pietro Perona and Deva Ramanan and Piotr Doll{\'a}r and C. Lawrence Zitnick},
  booktitle = {ECCV},
  title     = {Microsoft COCO: Common Objects in Context},
  year      = {2014},
}

@InProceedings{ImageNet,
  author={J. {Deng} and W. {Dong} and R. {Socher} and L. {Li} and  {Kai Li} and  {Li Fei-Fei}},
  booktitle={2009 IEEE Conference on Computer Vision and Pattern Recognition}, 
  title={ImageNet: A large-scale hierarchical image database}, 
  year={2009},
  volume={},
  number={},
  pages={248-255},
  doi={10.1109/CVPR.2009.5206848}
}

@article{Kristan2015TheVO,
  title={The Visual Object Tracking VOT2015 Challenge Results},
  author={Matej Kristan and Jiri Matas and Alex0161 Leonardis and Michael Felsberg and Luka Cehovin and Gustavo Fern{\'a}ndez and Tom{\'a}s Voj{\'i}r and Gustav H{\"a}ger and Georg Nebehay and Roman P. Pflugfelder},
  journal={2015 IEEE International Conference on Computer Vision Workshop (ICCVW)},
  year={2015},
  pages={564-586}
}

@inproceedings{Kristan2016TheVO,
  title={The Visual Object Tracking VOT2016 Challenge Results},
  author={Matej Kristan and others},
  booktitle={ECCV Workshops},
  year={2016}
}

@article{Valmadre2017EndtoEndRL,
  title={End-to-End Representation Learning for Correlation Filter Based Tracking},
  author={Jack Valmadre and Luca Bertinetto and Jo{\~a}o F. Henriques and Andrea Vedaldi and Philip H. S. Torr},
  journal={2017 IEEE Conference on Computer Vision and Pattern Recognition (CVPR)},
  year={2017},
  pages={5000-5008}
}

@article{Danelljan2017ECOEC,
  title={ECO: Efficient Convolution Operators for Tracking},
  author={Martin Danelljan and Goutam Bhat and Fahad Shahbaz Khan and Michael Felsberg},
  journal={2017 IEEE Conference on Computer Vision and Pattern Recognition (CVPR)},
  year={2017},
  pages={6931-6939}
}

@article{Possegger2015InDO,
  title={In defense of color-based model-free tracking},
  author={Horst Possegger and Thomas Mauthner and Horst Bischof},
  journal={2015 IEEE Conference on Computer Vision and Pattern Recognition (CVPR)},
  year={2015},
  pages={2113-2120}
}

@inproceedings{Bertinetto2016StapleC,
  title={Staple: Complementary learners for real-time tracking},
  author={Bertinetto, Luca and Valmadre, Jack and Golodetz, Stuart and Miksik, Ondrej and Torr, Philip HS},
  booktitle={Proceedings of the IEEE conference on computer vision and pattern recognition},
  pages={1401--1409},
  year={2016}
}

@article{Danelljan2016AdaptiveDO,
  title={Adaptive Decontamination of the Training Set: A Unified Formulation for Discriminative Visual Tracking},
  author={Martin Danelljan and Gustav H{\"a}ger and Fahad Shahbaz Khan and Michael Felsberg},
  journal={2016 IEEE Conference on Computer Vision and Pattern Recognition (CVPR)},
  year={2016},
  pages={1430-1438}
}

@article{Danelljan2015LearningSR,
  title={Learning Spatially Regularized Correlation Filters for Visual Tracking},
  author={Martin Danelljan and Gustav H{\"a}ger and Fahad Shahbaz Khan and Michael Felsberg},
  journal={2015 IEEE International Conference on Computer Vision (ICCV)},
  year={2015},
  pages={4310-4318}
}

@article{Nam2016LearningMC,
  title={Learning Multi-domain Convolutional Neural Networks for Visual Tracking},
  author={Hyeonseob Nam and Bohyung Han},
  journal={2016 IEEE Conference on Computer Vision and Pattern Recognition (CVPR)},
  year={2016},
  pages={4293-4302}
}

@article{Wang2015VisualTW,
  title={Visual Tracking with Fully Convolutional Networks},
  author={Lijun Wang and Wanli Ouyang and Xiaogang Wang and Huchuan Lu},
  journal={2015 IEEE International Conference on Computer Vision (ICCV)},
  year={2015},
  pages={3119-3127}
}

@article{Zhu2016BeyondLS,
  title={Beyond Local Search: Tracking Objects Everywhere with Instance-Specific Proposals},
  author={Gao Zhu and Fatih Murat Porikli and Hongdong Li},
  journal={2016 IEEE Conference on Computer Vision and Pattern Recognition (CVPR)},
  year={2016},
  pages={943-951}
}

@article{Danelljan2015ConvolutionalFF,
  title={Convolutional Features for Correlation Filter Based Visual Tracking},
  author={Martin Danelljan and Gustav H{\"a}ger and Fahad Shahbaz Khan and Michael Felsberg},
  journal={2015 IEEE International Conference on Computer Vision Workshop (ICCVW)},
  year={2015},
  pages={621-629}
}

@article{Hua2015OnlineOT,
  title={Online Object Tracking with Proposal Selection},
  author={Yang Hua and Karteek Alahari and Cordelia Schmid},
  journal={2015 IEEE International Conference on Computer Vision (ICCV)},
  year={2015},
  pages={3092-3100}
}

@article{He2016DeepRL,
  title={Deep Residual Learning for Image Recognition},
  author={Kaiming He and Xiangyu Zhang and Shaoqing Ren and Jian Sun},
  journal={2016 IEEE Conference on Computer Vision and Pattern Recognition (CVPR)},
  year={2016},
  pages={770-778}
}

@article{Schroff2015FaceNetAU,
  title={FaceNet: A unified embedding for face recognition and clustering},
  author={Florian Schroff and Dmitry Kalenichenko and James Philbin},
  journal={2015 IEEE Conference on Computer Vision and Pattern Recognition (CVPR)},
  year={2015},
  pages={815-823}
}

@article{Kim2016JointCB,
  title={Joint CTC-attention based end-to-end speech recognition using multi-task learning},
  author={Suyoun Kim and Takaaki Hori and Shinji Watanabe},
  journal={2017 IEEE International Conference on Acoustics, Speech and Signal Processing (ICASSP)},
  year={2016},
  pages={4835-4839}
}

@article{Wu2015DeepNN,
  title={Deep neural networks employing Multi-Task Learning and stacked bottleneck features for speech synthesis},
  author={Zhizheng Wu and Cassia Valentini-Botinhao and Oliver Watts and Simon King},
  journal={2015 IEEE International Conference on Acoustics, Speech and Signal Processing (ICASSP)},
  year={2015},
  pages={4460-4464}
}

@inproceedings{Vinyals2014GrammarAA,
  title={Grammar as a Foreign Language},
  author={Oriol Vinyals and Lukasz Kaiser and Terry K Koo and Slav Petrov and Ilya Sutskever and Geoffrey E. Hinton},
  booktitle={NIPS},
  year={2014}
}

@article{Fan2016SANetSN,
  title={SANet: Structure-Aware Network for Visual Tracking},
  author={Heng Fan and Haibin Ling},
  journal={2017 IEEE Conference on Computer Vision and Pattern Recognition Workshops (CVPRW)},
  year={2016},
  pages={2217-2224}
}

@article{Ma2015HierarchicalCF,
  title={Hierarchical Convolutional Features for Visual Tracking},
  author={Chao Ma and Jia-Bin Huang and Xiaokang Yang and Ming-Hsuan Yang},
  journal={2015 IEEE International Conference on Computer Vision (ICCV)},
  year={2015},
  pages={3074-3082}
}

@inproceedings{possegger2015defense,
  title={In defense of color-based model-free tracking},
  author={Possegger, Horst and Mauthner, Thomas and Bischof, Horst},
  booktitle={Proceedings of the IEEE Conference on Computer Vision and Pattern Recognition},
  pages={2113--2120},
  year={2015}
}

@article{Jazayeri2011VehicleDA,
  title={Vehicle Detection and Tracking in Car Video Based on Motion Model},
  author={Amirali Jazayeri and Hongyuan Cai and Jiang Yu Zheng and Mihran Tuceryan},
  journal={IEEE Transactions on Intelligent Transportation Systems},
  year={2011},
  volume={12},
  pages={583-595}
}

@article{voigtlaender2019siam,
  title={Siam R-CNN: Visual Tracking by Re-Detection},
  author={Voigtlaender, Paul and Luiten, Jonathon and Torr, Philip HS and Leibe, Bastian},
  journal={arXiv preprint arXiv:1911.12836},
  year={2019}
}


% Tracking + Attack
@inproceedings{chen2020one,
  title={One-shot adversarial attacks on visual tracking with dual attention},
  author={Chen, Xuesong and Yan, Xiyu and Zheng, Feng and Jiang, Yong and Xia, Shu-Tao and Zhao, Yong and Ji, Rongrong},
  booktitle={Proceedings of the IEEE/CVF Conference on Computer Vision and Pattern Recognition},
  pages={10176--10185},
  year={2020}
}

@article{TTP,
  title={Temporally-Transferable Perturbations: Efficient, One-Shot Adversarial Attacks for Online Visual Object Trackers},
  author={Nakka, Krishna Kanth and Salzmann, Mathieu},
  journal={arXiv preprint arXiv:2012.15183},
  year={2020}
}

@inproceedings{SPARK,
  title={SPARK: Spatial-aware online incremental attack against visual tracking},
  author={Guo, Qing and Xie, Xiaofei and Juefei-Xu, Felix and Ma, Lei and Li, Zhongguo and Xue, Wanli and Feng, Wei and Liu, Yang},
  booktitle={ECCV},
  pages={202--219},
  year={2020}
}

@inproceedings{PAT,
  title={Physical adversarial textures that fool visual object tracking},
  author={Wiyatno, Rey Reza and Xu, Anqi},
  booktitle={ICCV},
  pages={4822--4831},
  year={2019}
}

@inproceedings{FAN,
  title={Efficient Adversarial Attacks for Visual Object Tracking},
  author={Liang, Siyuan and Wei, Xingxing and Yao, Siyuan and Cao, Xiaochun},
  booktitle={ECCV},
  pages={34--50},
  year={2020}
}

@inproceedings{CSA,
  title={Cooling-Shrinking Attack: Blinding the tracker with imperceptible noises},
  author={Yan, Bin and Wang, Dong and Lu, Huchuan and Yang, Xiaoyun},
  booktitle={CVPR},
  pages={990--999},
  year={2020}
}

@inproceedings{RTAA,
  title={Robust tracking against adversarial attacks},
  author={Jia, Shuai and Ma, Chao and Song, Yibing and Yang, Xiaokang},
  booktitle={ECCV},
  pages={69--84},
  year={2020}
}

% language + attack

@inproceedings{generating,
  title={Generating natural language adversarial examples through probability weighted word saliency},
  author={Ren, Shuhuai and Deng, Yihe and He, Kun and Che, Wanxiang},
  booktitle={ACL},
  pages={1085--1097},
  year={2019}
}

% speech + attack

@inproceedings{imperceptible,
  title={Imperceptible, robust, and targeted adversarial examples for automatic speech recognition},
  author={Qin, Yao and Carlini, Nicholas and Cottrell, Garrison and Goodfellow, Ian and Raffel, Colin},
  booktitle={ICML},
  pages={5231--5240},
  year={2019}
}

% detection + attack

@inproceedings{wei2019transferable,
  title={Transferable adversarial attacks for image and video object detection},
  author={Wei, Xingxing and Liang, Siyuan and Chen, Ning and Cao, Xiaochun},
  booktitle={IJCAI},
  pages={954--960},
  year={2019}
}

% ATTACK
@article{FGSM,
  title={Explaining and harnessing adversarial examples},
  author={Goodfellow, Ian J and Shlens, Jonathon and Szegedy, Christian},
  journal={arXiv preprint arXiv:1412.6572},
  year={2014}
}

@article{PGD,
  title={Towards deep learning models resistant to adversarial attacks},
  author={Madry, Aleksander and Makelov, Aleksandar and Schmidt, Ludwig and Tsipras, Dimitris and Vladu, Adrian},
  journal={arXiv preprint arXiv:1706.06083},
  year={2017}
}

@article{intriguing,
  title={Intriguing properties of neural networks},
  author={Szegedy, Christian and Zaremba, Wojciech and Sutskever, Ilya and Bruna, Joan and Erhan, Dumitru and Goodfellow, Ian and Fergus, Rob},
  journal={arXiv preprint arXiv:1312.6199},
  year={2013}
}

@inproceedings{Deepsec,
  author={X. {Ling} and S. {Ji} and J. {Zou} and J. {Wang} and C. {Wu} and B. {Li} and T. {Wang}},
  booktitle={2019 IEEE Symposium on Security and Privacy (SP)}, 
  title={DEEPSEC: A Uniform Platform for Security Analysis of Deep Learning Model}, 
  year={2019},
  volume={},
  number={},
  pages={673-690},
  doi={10.1109/SP.2019.00023}}

@inproceedings{dong2018boosting,
  title={Boosting adversarial attacks with momentum},
  author={Dong, Yinpeng and Liao, Fangzhou and Pang, Tianyu and Su, Hang and Zhu, Jun and Hu, Xiaolin and Li, Jianguo},
  booktitle={Proceedings of the IEEE conference on computer vision and pattern recognition},
  pages={9185--9193},
  year={2018}
}

@inproceedings{papernot2016limitations,
  title={The limitations of deep learning in adversarial settings},
  author={Papernot, Nicolas and McDaniel, Patrick and Jha, Somesh and Fredrikson, Matt and Celik, Z Berkay and Swami, Ananthram},
  booktitle={2016 IEEE European symposium on security and privacy (EuroS\&P)},
  pages={372--387},
  year={2016},
  organization={IEEE}
}

@inproceedings{carlini2017towards,
  title={Towards evaluating the robustness of neural networks},
  author={Carlini, Nicholas and Wagner, David},
  booktitle={2017 ieee symposium on security and privacy (sp)},
  pages={39--57},
  year={2017},
  organization={IEEE}
}

% patch attack
@inproceedings{karmon2018lavan,
  title={Lavan: Localized and visible adversarial noise},
  author={Karmon, Danny and Zoran, Daniel and Goldberg, Yoav},
  year={2018},
  booktitle={ICML},
  pages={2507--2515},
}

@article{patch,
  title={Adversarial patch},
  author={Brown, Tom B and Man{\'e}, Dandelion and Roy, Aurko and Abadi, Mart{\'\i}n and Gilmer, Justin},
  journal={arXiv preprint arXiv:1712.09665},
  year={2017}
}

% universal attack
@inproceedings{UAP,
  title={Universal adversarial perturbations},
  author={Moosavi-Dezfooli, Seyed-Mohsen and Fawzi, Alhussein and Fawzi, Omar and Frossard, Pascal},
  booktitle={CVPR},
  pages={1765--1773},
  year={2017}
}

@inproceedings{SiamFC++,
  author    = {Yinda Xu and
               Zeyu Wang and
               Zuoxin Li and
               Ye Yuan and
               Gang Yu},
  title     = {SiamFC++: Towards Robust and Accurate Visual Tracking with Target
               Estimation Guidelines},
  booktitle = {AAAI},
  pages     = {12549--12556},
  year      = {2020}
}

@inproceedings{ShuffleNet,
  title={Shufflenet: An extremely efficient convolutional neural network for mobile devices},
  author={Zhang, Xiangyu and Zhou, Xinyu and Lin, Mengxiao and Sun, Jian},
  booktitle={CVPR},
  pages={6848--6856},
  year={2018}
}

% metric

@article{SSIM,
  title={Image quality assessment: from error visibility to structural similarity},
  author={Wang, Zhou and Bovik, Alan C and Sheikh, Hamid R and Simoncelli, Eero P},
  journal={TIP},
  volume={13},
  number={4},
  pages={600--612},
  year={2004},
  publisher={IEEE}
}


@inproceedings{zhu2017flow,
  title={Flow-guided feature aggregation for video object detection},
  author={Zhu, Xizhou and Wang, Yujie and Dai, Jifeng and Yuan, Lu and Wei, Yichen},
  booktitle={Proceedings of the IEEE International Conference on Computer Vision},
  pages={408--417},
  year={2017}
}

@inproceedings{wang2018learning,
  title={Learning attentions: residual attentional siamese network for high performance online visual tracking},
  author={Wang, Qiang and Teng, Zhu and Xing, Junliang and Gao, Jin and Hu, Weiming and Maybank, Stephen},
  booktitle={Proceedings of the IEEE conference on computer vision and pattern recognition},
  pages={4854--4863},
  year={2018}
}


@inproceedings{xu2019spatiotemporal,
  title={Spatiotemporal CNN for Video Object Segmentation},
  author={Xu, Kai and Wen, Longyin and Li, Guorong and Bo, Liefeng and Huang, Qingming},
  booktitle={Proceedings of the IEEE Conference on Computer Vision and Pattern Recognition},
  pages={1379--1388},
  year={2019}
}

@inproceedings{zhu2018end,
  title={End-to-end flow correlation tracking with spatial-temporal attention},
  author={Zhu, Zheng and Wu, Wei and Zou, Wei and Yan, Junjie},
  booktitle={Proceedings of the IEEE Conference on Computer Vision and Pattern Recognition},
  pages={548--557},
  year={2018}
}

@inproceedings{lin2019tsm,
  title={Tsm: Temporal shift module for efficient video understanding},
  author={Lin, Ji and Gan, Chuang and Han, Song},
  booktitle={Proceedings of the IEEE International Conference on Computer Vision},
  pages={7083--7093},
  year={2019}
}

@inproceedings{gladh2016deep,
  title={Deep motion features for visual tracking},
  author={Gladh, Susanna and Danelljan, Martin and Khan, Fahad Shahbaz and Felsberg, Michael},
  booktitle={Proceedings of the International Conference on Pattern Recognition},
  pages={1243--1248},
  year={2016}
}

@inproceedings{park2018adversarial,
  title={Adversarial dropout for supervised and semi-supervised learning},
  author={Park, Sungrae and Park, JunKeon and Shin, Su-Jin and Moon, Il-Chul},
  booktitle={Thirty-Second AAAI Conference on Artificial Intelligence},
  year={2018},
  pages={3917--3924}
}

@inproceedings{lin2017feature,
  title={Feature pyramid networks for object detection},
  author={Lin, Tsung-Yi and Doll{\'a}r, Piotr and Girshick, Ross and He, Kaiming and Hariharan, Bharath and Belongie, Serge},
  booktitle={Proceedings of the IEEE Conference on Computer Vision and Pattern Recognition},
  pages={2117--2125},
  year={2017}
}

@inproceedings{ren2015faster,
  title={Faster r-cnn: Towards real-time object detection with region proposal networks},
  author={Ren, Shaoqing and He, Kaiming and Girshick, Ross and Sun, Jian},
  booktitle={Proceedings of Advances in Neural Information Processing Systems},
  pages={91--99},
  year={2015}
}

@inproceedings{he2017mask,
  title={Mask r-cnn},
  author={He, Kaiming and Gkioxari, Georgia and Doll{\'a}r, Piotr and Girshick, Ross},
  booktitle={Proceedings of the IEEE International Conference on Computer Vision},
  pages={2961--2969},
  year={2017}
}

@inproceedings{lee2019drop,
  title={Drop to adapt: Learning discriminative features for unsupervised domain adaptation},
  author={Lee, Seungmin and Kim, Dongwan and Kim, Namil and Jeong, Seong-Gyun},
  booktitle={Proceedings of the IEEE International Conference on Computer Vision},
  pages={91--100},
  year={2019}
}

@article{lin2013network,
  title={Network in network},
  author={Lin, Min and Chen, Qiang and Yan, Shuicheng},
  journal={arXiv preprint arXiv:1312.4400},
  year={2013}
}

@article{Liu2019AttentionGD,
  title={Attention guided deep audio-face fusion for efficient speaker naming},
  author={Xin Liu and Jiajia Geng and Haibin Ling and Yiu-ming Cheung},
  journal={Pattern Recognition},
  year={2019},
  volume={88},
  pages={557-568}
}

@article{Xiao2019DenseSE,
  title={Dense semantic embedding network for image captioning},
  author={Xinyu Xiao and Lingfeng Wang and Kun Ding and Shiming Xiang and Chunhong Pan},
  journal={Pattern Recognition},
  year={2019},
  volume={90},
  pages={285-296}
}

@article{Yousfi2017ContributionOR,
  title={Contribution of recurrent connectionist language models in improving LSTM-based Arabic text recognition in videos},
  author={Sonia Yousfi and Sid-Ahmed Berrani and Christophe Garcia},
  journal={Pattern Recognition},
  year={2017},
  volume={64},
  pages={245-254}
}

@article{Matiz2019InductiveCP,
  title={Inductive conformal predictor for convolutional neural networks: Applications to active learning for image classification},
  author={Sergio Matiz and Kenneth E. Barner},
  journal={Pattern Recognition},
  year={2019},
  volume={90},
  pages={172-182}
}

@InProceedings{Zhu2019RotatedCR,
  author    = {Zhu, Yixing and Ma, Chixiang and Du, Jun},
  booktitle = {Pattern Recognition},
  title     = {Rotated cascade R-CNN: A shape robust detector with coordinate regression},
  pages     = {106964},
  publisher = {Elsevier},
  volume    = {96},
  year      = {2019},
}

@article{Leang2018OnlineFO,
  title={On-line fusion of trackers for single-object tracking},
  author={Isabelle Leang and St{\'e}phane Herbin and Beno{\^i}t Girard and Jacques Droulez},
  journal={Pattern Recognition},
  year={2018},
  volume={74},
  pages={459-473}
}

@article{Wang2019VisualOT,
  title={Visual object tracking via a manifold regularized discriminative dual dictionary model},
  author={Lingfeng Wang and Chunhong Pan},
  journal={Pattern Recognition},
  year={2019},
  volume={91},
  pages={272-280}
}

@article{Zhang2018UsingFL,
  title={Using fuzzy least squares support vector machine with metric learning for object tracking},
  author={Shunli Zhang and Wei Lu and Weiwei Xing and Shukui Zhang},
  journal={Pattern Recognition},
  year={2018},
  volume={84},
  pages={112-125}
}

@article{Zhang2018VisualTU,
  title={Visual tracking using spatio-temporally nonlocally regularized correlation filter},
  author={Kaihua Zhang and Xuejun Li and Huihui Song and Qingshan Liu and Wei Lian},
  journal={Pattern Recognition},
  year={2018},
  volume={83},
  pages={185-195}
}

@article{Zhang2019ProgressivelyDN,
  title={Progressively diffused networks for semantic visual parsing},
  author={Ruimao Zhang and Wei Yang and Zhanglin Peng and Pengxu Wei and Xiaogang Wang and Liang Lin},
  journal={Pattern Recognition},
  year={2019},
  volume={90},
  pages={78-86}
}

@inproceedings{Perazzi2016,
  author = {F. Perazzi and J. Pont-Tuset and B. McWilliams and L. {Van Gool} and M. Gross and A. Sorkine-Hornung},
  title = {A Benchmark Dataset and Evaluation Methodology for Video Object Segmentation},
  booktitle = {Computer Vision and Pattern Recognition},
  year = {2016}
}

@inproceedings{Galoogahi2017LearningBC,
  title={Learning background-aware correlation filters for visual tracking},
  author={Kiani Galoogahi, Hamed and Fagg, Ashton and Lucey, Simon},
  booktitle={Proceedings of the IEEE International Conference on Computer Vision},
  pages={1135--1143},
  year={2017}
}

@inproceedings{Zhang2014MEEMRT,
  title={MEEM: robust tracking via multiple experts using entropy minimization},
  author={Zhang, Jianming and Ma, Shugao and Sclaroff, Stan},
  booktitle={European conference on computer vision},
  pages={188--203},
  year={2014},
  organization={Springer}
}

@inproceedings{Li2014ASA,
  title={A scale adaptive kernel correlation filter tracker with feature integration},
  author={Li, Yang and Zhu, Jianke},
  booktitle={European conference on computer vision},
  pages={254--265},
  year={2014},
  organization={Springer}
}

@article{Danelljan2017DiscriminativeSS,
  title={Discriminative Scale Space Tracking},
  author={Martin Danelljan and Gustav H{\"a}ger and Fahad Shahbaz Khan and Michael Felsberg},
  journal={IEEE Transactions on Pattern Analysis and Machine Intelligence},
  year={2017},
  volume={39},
  pages={1561-1575}
}

@inproceedings{Henriques2012ExploitingTC,
  title={Exploiting the circulant structure of tracking-by-detection with kernels},
  author={Henriques, Jo{\~a}o F and Caseiro, Rui and Martins, Pedro and Batista, Jorge},
  booktitle={European conference on computer vision},
  pages={702--715},
  year={2012},
  organization={Springer}
}

@article{Bao2012RealTR,
  title={Real time robust L1 tracker using accelerated proximal gradient approach},
  author={Chenglong Bao and Yi Wu and Haibin Ling and Hui Ji},
  journal={2012 IEEE Conference on Computer Vision and Pattern Recognition},
  year={2012},
  pages={1830-1837}
}

@inproceedings{Shi1994GoodFT,
  title={Good features to track},
  author={Shi, Jianbo and others},
  booktitle={1994 Proceedings of IEEE conference on computer vision and pattern recognition},
  pages={593--600},
  year={1994},
  organization={IEEE}
}

@article{Ross2007IncrementalLF,
  title={Incremental Learning for Robust Visual Tracking},
  author={David A. Ross and Jongwoo Lim and Ruei-Sung Lin and Ming-Hsuan Yang},
  journal={International Journal of Computer Vision},
  year={2007},
  volume={77},
  pages={125-141}
}

@article{Hare2011StruckSO,
  title={Struck: Structured Output Tracking with Kernels},
  author={Sam Hare and Stuart Golodetz and Amir Saffari and Vibhav Vineet and Ming-Ming Cheng and Stephen L. Hicks and Philip H. S. Torr},
  journal={IEEE Transactions on Pattern Analysis and Machine Intelligence},
  year={2011},
  volume={38},
  pages={2096-2109}
}

@inproceedings{Wang2018SiamMask,
  title={Fast online object tracking and segmentation: A unifying approach},
  author={Wang, Qiang and Zhang, Li and Bertinetto, Luca and Hu, Weiming and Torr, Philip HS},
  booktitle={Proceedings of the IEEE Conference on Computer Vision and Pattern Recognition},
  pages={1328--1338},
  year={2019}
}

@article{Danelljan2014AdaptiveCA,
  title={Adaptive Color Attributes for Real-Time Visual Tracking},
  author={Martin Danelljan and Fahad Shahbaz Khan and Michael Felsberg and Joost van de Weijer},
  journal={2014 IEEE Conference on Computer Vision and Pattern Recognition},
  year={2014},
  pages={1090-1097}
}

@article{kalal2011tracking,
  title={Tracking-learning-detection},
  author={Kalal, Zdenek and Mikolajczyk, Krystian and Matas, Jiri},
  journal={IEEE transactions on pattern analysis and machine intelligence},
  volume={34},
  number={7},
  pages={1409--1422},
  year={2011},
  publisher={IEEE}
}

@article{Forsyth2014ObjectDW,
  title={Object Detection with Discriminatively Trained Part-Based Models},
  author={David A. Forsyth},
  journal={IEEE Computer},
  year={2014},
  volume={47},
  pages={6-7}
}

@article{Weijer2009LearningCN,
  title={Learning Color Names for Real-World Applications},
  author={Joost van de Weijer and Cordelia Schmid and Jakob J. Verbeek and Diane Larlus},
  journal={IEEE Transactions on Image Processing},
  year={2009},
  volume={18},
  pages={1512-1523}
}

@article{Goodfellow2015DeepL,
  title={Deep Learning},
  author={Ian J. Goodfellow and Yoshua Bengio and Aaron C. Courville},
  journal={Nature},
  year={2015},
  volume={521},
  pages={436-444}
}

@article{Girshick2016RegionBasedCN,
  title={Region-Based Convolutional Networks for Accurate Object Detection and Segmentation},
  author={Ross B. Girshick and Jeff Donahue and Trevor Darrell and Jitendra Malik},
  journal={IEEE Transactions on Pattern Analysis and Machine Intelligence},
  year={2016},
  volume={38},
  pages={142-158}
}

@article{Bahdanau2014NeuralMT,
  title={Neural Machine Translation by Jointly Learning to Align and Translate},
  author={Dzmitry Bahdanau and Kyunghyun Cho and Yoshua Bengio},
  journal={CoRR},
  year={2014},
  volume={abs/1409.0473}
}

@inproceedings{supancic2017tracking,
  title={Tracking as online decision-making: Learning a policy from streaming videos with reinforcement learning},
  author={Supancic III, James and Ramanan, Deva},
  booktitle={Proceedings of the IEEE International Conference on Computer Vision},
  pages={322--331},
  year={2017}
}

@inproceedings{yun2017action,
  title={Action-decision networks for visual tracking with deep reinforcement learning},
  author={Yun, Sangdoo and Choi, Jongwon and Yoo, Youngjoon and Yun, Kimin and Young Choi, Jin},
  booktitle={Proceedings of the IEEE conference on computer vision and pattern recognition},
  pages={2711--2720},
  year={2017}
}

@article{Feng2018LearningSR,
  title={Learning Spatial-Temporal Regularized Correlation Filters for Visual Tracking},
  author={Li Feng and Cheng Tian and Wangmeng Zuo and Lei Zhang and Ming-Hsuan Yang},
  journal={2018 IEEE/CVF Conference on Computer Vision and Pattern Recognition},
  year={2018},
  pages={4904-4913}
}

@article{Xu2018LearningAD,
  title={Learning Adaptive Discriminative Correlation Filters via Temporal Consistency Preserving Spatial Feature Selection for Robust Visual Tracking},
  author={Tianyang Xu and Zhen-Hua Feng and Xiao-Jun Wu and Josef Kittler},
  journal={IEEE transactions on image processing : a publication of the IEEE Signal Processing Society},
  year={2018}
}

@article{nam2016modeling,
  title={Modeling and propagating cnns in a tree structure for visual tracking},
  author={Nam, Hyeonseob and Baek, Mooyeol and Han, Bohyung},
  journal={arXiv preprint arXiv:1608.07242},
  year={2016}
}

@article{gao2018tracking,
  title={Tracking-by-fusion via Gaussian Process Regression extended to transfer learning},
  author={Gao, Jin and Wang, Qiang and Xing, Junliang and Ling, Haibin and Hu, Weiming and Maybank, Stephen John},
  journal={IEEE transactions on pattern analysis and machine intelligence},
  year={2018},
  publisher={IEEE}
}